%YAML 1.1
%TAG !u! tag:unity3d.com,2011:
--- !u!1 &100000
GameObject:
  m_ObjectHideFlags: 0
  m_PrefabParentObject: {fileID: 0}
  m_PrefabInternal: {fileID: 100100000}
  serializedVersion: 4
  m_Component:
  - 4: {fileID: 400000}
  - 111: {fileID: 11100000}
  - 114: {fileID: 11400000}
  - 143: {fileID: 14300000}
  - 114: {fileID: 11400002}
  - 65: {fileID: 6500000}
  - 82: {fileID: 8200000}
  m_Layer: 0
  m_Name: Cockroach
  m_TagString: Enemy
  m_Icon: {fileID: 0}
  m_NavMeshLayer: 0
  m_StaticEditorFlags: 0
  m_IsActive: 1
--- !u!1 &100002
GameObject:
  m_ObjectHideFlags: 1
  m_PrefabParentObject: {fileID: 0}
  m_PrefabInternal: {fileID: 100100000}
  serializedVersion: 4
  m_Component:
  - 4: {fileID: 400002}
  m_Layer: 0
  m_Name: Leg-Bone27
  m_TagString: Untagged
  m_Icon: {fileID: 0}
  m_NavMeshLayer: 0
  m_StaticEditorFlags: 0
  m_IsActive: 1
--- !u!1 &100004
GameObject:
  m_ObjectHideFlags: 1
  m_PrefabParentObject: {fileID: 0}
  m_PrefabInternal: {fileID: 100100000}
  serializedVersion: 4
  m_Component:
  - 4: {fileID: 400004}
  m_Layer: 0
  m_Name: Leg-Bone25
  m_TagString: Untagged
  m_Icon: {fileID: 0}
  m_NavMeshLayer: 0
  m_StaticEditorFlags: 0
  m_IsActive: 1
--- !u!1 &100006
GameObject:
  m_ObjectHideFlags: 1
  m_PrefabParentObject: {fileID: 0}
  m_PrefabInternal: {fileID: 100100000}
  serializedVersion: 4
  m_Component:
  - 4: {fileID: 400006}
  m_Layer: 0
  m_Name: Leg-Bone26
  m_TagString: Untagged
  m_Icon: {fileID: 0}
  m_NavMeshLayer: 0
  m_StaticEditorFlags: 0
  m_IsActive: 1
--- !u!1 &100008
GameObject:
  m_ObjectHideFlags: 1
  m_PrefabParentObject: {fileID: 0}
  m_PrefabInternal: {fileID: 100100000}
  serializedVersion: 4
  m_Component:
  - 4: {fileID: 400008}
  m_Layer: 0
  m_Name: Leg-Bone28
  m_TagString: Untagged
  m_Icon: {fileID: 0}
  m_NavMeshLayer: 0
  m_StaticEditorFlags: 0
  m_IsActive: 1
--- !u!1 &100010
GameObject:
  m_ObjectHideFlags: 1
  m_PrefabParentObject: {fileID: 0}
  m_PrefabInternal: {fileID: 100100000}
  serializedVersion: 4
  m_Component:
  - 4: {fileID: 400010}
  m_Layer: 0
  m_Name: Leg-Bone29
  m_TagString: Untagged
  m_Icon: {fileID: 0}
  m_NavMeshLayer: 0
  m_StaticEditorFlags: 0
  m_IsActive: 1
--- !u!1 &100012
GameObject:
  m_ObjectHideFlags: 1
  m_PrefabParentObject: {fileID: 0}
  m_PrefabInternal: {fileID: 100100000}
  serializedVersion: 4
  m_Component:
  - 4: {fileID: 400012}
  m_Layer: 0
  m_Name: Leg-Bone18
  m_TagString: Untagged
  m_Icon: {fileID: 0}
  m_NavMeshLayer: 0
  m_StaticEditorFlags: 0
  m_IsActive: 1
--- !u!1 &100014
GameObject:
  m_ObjectHideFlags: 1
  m_PrefabParentObject: {fileID: 0}
  m_PrefabInternal: {fileID: 100100000}
  serializedVersion: 4
  m_Component:
  - 4: {fileID: 400014}
  m_Layer: 0
  m_Name: Leg-Bone17
  m_TagString: Untagged
  m_Icon: {fileID: 0}
  m_NavMeshLayer: 0
  m_StaticEditorFlags: 0
  m_IsActive: 1
--- !u!1 &100016
GameObject:
  m_ObjectHideFlags: 1
  m_PrefabParentObject: {fileID: 0}
  m_PrefabInternal: {fileID: 100100000}
  serializedVersion: 4
  m_Component:
  - 4: {fileID: 400016}
  m_Layer: 0
  m_Name: Leg-Bone16
  m_TagString: Untagged
  m_Icon: {fileID: 0}
  m_NavMeshLayer: 0
  m_StaticEditorFlags: 0
  m_IsActive: 1
--- !u!1 &100018
GameObject:
  m_ObjectHideFlags: 1
  m_PrefabParentObject: {fileID: 0}
  m_PrefabInternal: {fileID: 100100000}
  serializedVersion: 4
  m_Component:
  - 4: {fileID: 400018}
  m_Layer: 0
  m_Name: Leg-Bone15
  m_TagString: Untagged
  m_Icon: {fileID: 0}
  m_NavMeshLayer: 0
  m_StaticEditorFlags: 0
  m_IsActive: 1
--- !u!1 &100020
GameObject:
  m_ObjectHideFlags: 1
  m_PrefabParentObject: {fileID: 0}
  m_PrefabInternal: {fileID: 100100000}
  serializedVersion: 4
  m_Component:
  - 4: {fileID: 400020}
  m_Layer: 0
  m_Name: Leg-Bone19
  m_TagString: Untagged
  m_Icon: {fileID: 0}
  m_NavMeshLayer: 0
  m_StaticEditorFlags: 0
  m_IsActive: 1
--- !u!1 &100022
GameObject:
  m_ObjectHideFlags: 1
  m_PrefabParentObject: {fileID: 0}
  m_PrefabInternal: {fileID: 100100000}
  serializedVersion: 4
  m_Component:
  - 4: {fileID: 400022}
  m_Layer: 0
  m_Name: Leg-Bone24
  m_TagString: Untagged
  m_Icon: {fileID: 0}
  m_NavMeshLayer: 0
  m_StaticEditorFlags: 0
  m_IsActive: 1
--- !u!1 &100024
GameObject:
  m_ObjectHideFlags: 1
  m_PrefabParentObject: {fileID: 0}
  m_PrefabInternal: {fileID: 100100000}
  serializedVersion: 4
  m_Component:
  - 4: {fileID: 400024}
  m_Layer: 0
  m_Name: Leg-Bone23
  m_TagString: Untagged
  m_Icon: {fileID: 0}
  m_NavMeshLayer: 0
  m_StaticEditorFlags: 0
  m_IsActive: 1
--- !u!1 &100026
GameObject:
  m_ObjectHideFlags: 1
  m_PrefabParentObject: {fileID: 0}
  m_PrefabInternal: {fileID: 100100000}
  serializedVersion: 4
  m_Component:
  - 4: {fileID: 400026}
  m_Layer: 0
  m_Name: Leg-Bone22
  m_TagString: Untagged
  m_Icon: {fileID: 0}
  m_NavMeshLayer: 0
  m_StaticEditorFlags: 0
  m_IsActive: 1
--- !u!1 &100028
GameObject:
  m_ObjectHideFlags: 1
  m_PrefabParentObject: {fileID: 0}
  m_PrefabInternal: {fileID: 100100000}
  serializedVersion: 4
  m_Component:
  - 4: {fileID: 400028}
  m_Layer: 0
  m_Name: Leg-Bone21
  m_TagString: Untagged
  m_Icon: {fileID: 0}
  m_NavMeshLayer: 0
  m_StaticEditorFlags: 0
  m_IsActive: 1
--- !u!1 &100030
GameObject:
  m_ObjectHideFlags: 1
  m_PrefabParentObject: {fileID: 0}
  m_PrefabInternal: {fileID: 100100000}
  serializedVersion: 4
  m_Component:
  - 4: {fileID: 400030}
  m_Layer: 0
  m_Name: Leg-Bone33
  m_TagString: Untagged
  m_Icon: {fileID: 0}
  m_NavMeshLayer: 0
  m_StaticEditorFlags: 0
  m_IsActive: 1
--- !u!1 &100032
GameObject:
  m_ObjectHideFlags: 1
  m_PrefabParentObject: {fileID: 0}
  m_PrefabInternal: {fileID: 100100000}
  serializedVersion: 4
  m_Component:
  - 4: {fileID: 400032}
  m_Layer: 0
  m_Name: Leg-Bone09
  m_TagString: Untagged
  m_Icon: {fileID: 0}
  m_NavMeshLayer: 0
  m_StaticEditorFlags: 0
  m_IsActive: 1
--- !u!1 &100034
GameObject:
  m_ObjectHideFlags: 1
  m_PrefabParentObject: {fileID: 0}
  m_PrefabInternal: {fileID: 100100000}
  serializedVersion: 4
  m_Component:
  - 4: {fileID: 400034}
  m_Layer: 0
  m_Name: Leg-Bone08
  m_TagString: Untagged
  m_Icon: {fileID: 0}
  m_NavMeshLayer: 0
  m_StaticEditorFlags: 0
  m_IsActive: 1
--- !u!1 &100036
GameObject:
  m_ObjectHideFlags: 1
  m_PrefabParentObject: {fileID: 0}
  m_PrefabInternal: {fileID: 100100000}
  serializedVersion: 4
  m_Component:
  - 4: {fileID: 400036}
  m_Layer: 0
  m_Name: Leg-Bone07
  m_TagString: Untagged
  m_Icon: {fileID: 0}
  m_NavMeshLayer: 0
  m_StaticEditorFlags: 0
  m_IsActive: 1
--- !u!1 &100038
GameObject:
  m_ObjectHideFlags: 1
  m_PrefabParentObject: {fileID: 0}
  m_PrefabInternal: {fileID: 100100000}
  serializedVersion: 4
  m_Component:
  - 4: {fileID: 400038}
  m_Layer: 0
  m_Name: Leg-Bone06
  m_TagString: Untagged
  m_Icon: {fileID: 0}
  m_NavMeshLayer: 0
  m_StaticEditorFlags: 0
  m_IsActive: 1
--- !u!1 &100040
GameObject:
  m_ObjectHideFlags: 1
  m_PrefabParentObject: {fileID: 0}
  m_PrefabInternal: {fileID: 100100000}
  serializedVersion: 4
  m_Component:
  - 4: {fileID: 400040}
  m_Layer: 0
  m_Name: Leg-Bone05
  m_TagString: Untagged
  m_Icon: {fileID: 0}
  m_NavMeshLayer: 0
  m_StaticEditorFlags: 0
  m_IsActive: 1
--- !u!1 &100042
GameObject:
  m_ObjectHideFlags: 1
  m_PrefabParentObject: {fileID: 0}
  m_PrefabInternal: {fileID: 100100000}
  serializedVersion: 4
  m_Component:
  - 4: {fileID: 400042}
  m_Layer: 0
  m_Name: Leg-Bone34
  m_TagString: Untagged
  m_Icon: {fileID: 0}
  m_NavMeshLayer: 0
  m_StaticEditorFlags: 0
  m_IsActive: 1
--- !u!1 &100044
GameObject:
  m_ObjectHideFlags: 1
  m_PrefabParentObject: {fileID: 0}
  m_PrefabInternal: {fileID: 100100000}
  serializedVersion: 4
  m_Component:
  - 4: {fileID: 400044}
  m_Layer: 0
  m_Name: Leg-Bone30
  m_TagString: Untagged
  m_Icon: {fileID: 0}
  m_NavMeshLayer: 0
  m_StaticEditorFlags: 0
  m_IsActive: 1
--- !u!1 &100046
GameObject:
  m_ObjectHideFlags: 1
  m_PrefabParentObject: {fileID: 0}
  m_PrefabInternal: {fileID: 100100000}
  serializedVersion: 4
  m_Component:
  - 4: {fileID: 400046}
  m_Layer: 0
  m_Name: Leg-Bone20
  m_TagString: Untagged
  m_Icon: {fileID: 0}
  m_NavMeshLayer: 0
  m_StaticEditorFlags: 0
  m_IsActive: 1
--- !u!1 &100048
GameObject:
  m_ObjectHideFlags: 1
  m_PrefabParentObject: {fileID: 0}
  m_PrefabInternal: {fileID: 100100000}
  serializedVersion: 4
  m_Component:
  - 4: {fileID: 400048}
  m_Layer: 0
  m_Name: Leg-Bone31
  m_TagString: Untagged
  m_Icon: {fileID: 0}
  m_NavMeshLayer: 0
  m_StaticEditorFlags: 0
  m_IsActive: 1
--- !u!1 &100050
GameObject:
  m_ObjectHideFlags: 1
  m_PrefabParentObject: {fileID: 0}
  m_PrefabInternal: {fileID: 100100000}
  serializedVersion: 4
  m_Component:
  - 4: {fileID: 400050}
  m_Layer: 0
  m_Name: Leg-Bone32
  m_TagString: Untagged
  m_Icon: {fileID: 0}
  m_NavMeshLayer: 0
  m_StaticEditorFlags: 0
  m_IsActive: 1
--- !u!1 &100052
GameObject:
  m_ObjectHideFlags: 1
  m_PrefabParentObject: {fileID: 0}
  m_PrefabInternal: {fileID: 100100000}
  serializedVersion: 4
  m_Component:
  - 4: {fileID: 400052}
  m_Layer: 0
  m_Name: Leg-Bone13
  m_TagString: Untagged
  m_Icon: {fileID: 0}
  m_NavMeshLayer: 0
  m_StaticEditorFlags: 0
  m_IsActive: 1
--- !u!1 &100054
GameObject:
  m_ObjectHideFlags: 1
  m_PrefabParentObject: {fileID: 0}
  m_PrefabInternal: {fileID: 100100000}
  serializedVersion: 4
  m_Component:
  - 4: {fileID: 400054}
  m_Layer: 0
  m_Name: Leg-Bone12
  m_TagString: Untagged
  m_Icon: {fileID: 0}
  m_NavMeshLayer: 0
  m_StaticEditorFlags: 0
  m_IsActive: 1
--- !u!1 &100056
GameObject:
  m_ObjectHideFlags: 1
  m_PrefabParentObject: {fileID: 0}
  m_PrefabInternal: {fileID: 100100000}
  serializedVersion: 4
  m_Component:
  - 4: {fileID: 400056}
  m_Layer: 0
  m_Name: Leg-Bone11
  m_TagString: Untagged
  m_Icon: {fileID: 0}
  m_NavMeshLayer: 0
  m_StaticEditorFlags: 0
  m_IsActive: 1
--- !u!1 &100058
GameObject:
  m_ObjectHideFlags: 1
  m_PrefabParentObject: {fileID: 0}
  m_PrefabInternal: {fileID: 100100000}
  serializedVersion: 4
  m_Component:
  - 4: {fileID: 400058}
  m_Layer: 0
  m_Name: Leg-Bone10
  m_TagString: Untagged
  m_Icon: {fileID: 0}
  m_NavMeshLayer: 0
  m_StaticEditorFlags: 0
  m_IsActive: 1
--- !u!1 &100060
GameObject:
  m_ObjectHideFlags: 1
  m_PrefabParentObject: {fileID: 0}
  m_PrefabInternal: {fileID: 100100000}
  serializedVersion: 4
  m_Component:
  - 4: {fileID: 400060}
  m_Layer: 0
  m_Name: Leg-Bone14
  m_TagString: Untagged
  m_Icon: {fileID: 0}
  m_NavMeshLayer: 0
  m_StaticEditorFlags: 0
  m_IsActive: 1
--- !u!1 &100062
GameObject:
  m_ObjectHideFlags: 1
  m_PrefabParentObject: {fileID: 0}
  m_PrefabInternal: {fileID: 100100000}
  serializedVersion: 4
  m_Component:
  - 4: {fileID: 400062}
  m_Layer: 0
  m_Name: Bone_Head
  m_TagString: Untagged
  m_Icon: {fileID: 0}
  m_NavMeshLayer: 0
  m_StaticEditorFlags: 0
  m_IsActive: 1
--- !u!1 &100064
GameObject:
  m_ObjectHideFlags: 1
  m_PrefabParentObject: {fileID: 0}
  m_PrefabInternal: {fileID: 100100000}
  serializedVersion: 4
  m_Component:
  - 4: {fileID: 400064}
  m_Layer: 0
  m_Name: Bone-Neck
  m_TagString: Untagged
  m_Icon: {fileID: 0}
  m_NavMeshLayer: 0
  m_StaticEditorFlags: 0
  m_IsActive: 1
--- !u!1 &100066
GameObject:
  m_ObjectHideFlags: 1
  m_PrefabParentObject: {fileID: 0}
  m_PrefabInternal: {fileID: 100100000}
  serializedVersion: 4
  m_Component:
  - 4: {fileID: 400066}
  m_Layer: 0
  m_Name: Bone-Body
  m_TagString: Untagged
  m_Icon: {fileID: 0}
  m_NavMeshLayer: 0
  m_StaticEditorFlags: 0
  m_IsActive: 1
--- !u!1 &100068
GameObject:
  m_ObjectHideFlags: 1
  m_PrefabParentObject: {fileID: 0}
  m_PrefabInternal: {fileID: 100100000}
  serializedVersion: 4
  m_Component:
  - 4: {fileID: 400068}
  m_Layer: 0
  m_Name: Bone-Tail
  m_TagString: Untagged
  m_Icon: {fileID: 0}
  m_NavMeshLayer: 0
  m_StaticEditorFlags: 0
  m_IsActive: 1
--- !u!1 &100070
GameObject:
  m_ObjectHideFlags: 0
  m_PrefabParentObject: {fileID: 0}
  m_PrefabInternal: {fileID: 100100000}
  serializedVersion: 4
  m_Component:
  - 4: {fileID: 400070}
  m_Layer: 0
  m_Name: Dummy
  m_TagString: Untagged
  m_Icon: {fileID: 0}
  m_NavMeshLayer: 0
  m_StaticEditorFlags: 0
  m_IsActive: 1
--- !u!1 &100072
GameObject:
  m_ObjectHideFlags: 0
  m_PrefabParentObject: {fileID: 0}
  m_PrefabInternal: {fileID: 100100000}
  serializedVersion: 4
  m_Component:
  - 4: {fileID: 400072}
  - 137: {fileID: 13700000}
  m_Layer: 0
  m_Name: Cockroach
  m_TagString: Untagged
  m_Icon: {fileID: 0}
  m_NavMeshLayer: 0
  m_StaticEditorFlags: 0
  m_IsActive: 1
--- !u!1 &100074
GameObject:
  m_ObjectHideFlags: 0
  m_PrefabParentObject: {fileID: 0}
  m_PrefabInternal: {fileID: 100100000}
  serializedVersion: 4
  m_Component:
  - 4: {fileID: 400074}
  - 108: {fileID: 10800000}
  m_Layer: 0
  m_Name: Point light
  m_TagString: Untagged
  m_Icon: {fileID: 0}
  m_NavMeshLayer: 0
  m_StaticEditorFlags: 0
  m_IsActive: 1
--- !u!1 &100076
GameObject:
  m_ObjectHideFlags: 0
  m_PrefabParentObject: {fileID: 0}
  m_PrefabInternal: {fileID: 100100000}
  serializedVersion: 4
  m_Component:
  - 4: {fileID: 400076}
  - 33: {fileID: 3300000}
  - 65: {fileID: 6500002}
  - 23: {fileID: 2300000}
  - 114: {fileID: 11400004}
  m_Layer: 0
  m_Name: Cube
  m_TagString: Untagged
  m_Icon: {fileID: 0}
  m_NavMeshLayer: 0
  m_StaticEditorFlags: 0
  m_IsActive: 1
--- !u!4 &400000
Transform:
  m_ObjectHideFlags: 1
  m_PrefabParentObject: {fileID: 0}
  m_PrefabInternal: {fileID: 100100000}
  m_GameObject: {fileID: 100000}
  m_LocalRotation: {x: 0, y: 0, z: 0, w: 1}
  m_LocalPosition: {x: -0.06349349, y: 3.1093578, z: 23.952024}
  m_LocalScale: {x: 4, y: 4, z: 4}
  m_LocalEulerAnglesHint: {x: 0, y: 0, z: 0}
  m_Children:
  - {fileID: 400072}
  - {fileID: 400070}
  - {fileID: 400074}
  - {fileID: 400076}
  m_Father: {fileID: 0}
  m_RootOrder: 0
--- !u!4 &400002
Transform:
  m_ObjectHideFlags: 1
  m_PrefabParentObject: {fileID: 0}
  m_PrefabInternal: {fileID: 100100000}
  m_GameObject: {fileID: 100002}
  m_LocalRotation: {x: 0.04006188, y: 0.30083957, z: 0.05888461, w: 0.95101166}
  m_LocalPosition: {x: -0.03247614, y: -0.000000038146972, z: -0.000000038146972}
  m_LocalScale: {x: 0.5864012, y: 1.0000002, z: 1.0000001}
  m_LocalEulerAnglesHint: {x: 2.3365326, y: 35.26802, z: 7.8290253}
  m_Children: []
  m_Father: {fileID: 400004}
  m_RootOrder: 0
--- !u!4 &400004
Transform:
  m_ObjectHideFlags: 1
  m_PrefabParentObject: {fileID: 0}
  m_PrefabInternal: {fileID: 100100000}
  m_GameObject: {fileID: 100004}
  m_LocalRotation: {x: 0.000000013034237, y: 3.3399766e-10, z: 0.025616234, w: 0.9996719}
  m_LocalPosition: {x: -0.041581392, y: -0.000000019073486, z: 0}
  m_LocalScale: {x: 0.6716139, y: 1.0000001, z: 1.0000001}
  m_LocalEulerAnglesHint: {x: 0, y: 0, z: 2.93573}
  m_Children:
  - {fileID: 400002}
  m_Father: {fileID: 400006}
  m_RootOrder: 0
--- !u!4 &400006
Transform:
  m_ObjectHideFlags: 1
  m_PrefabParentObject: {fileID: 0}
  m_PrefabInternal: {fileID: 100100000}
  m_GameObject: {fileID: 100006}
  m_LocalRotation: {x: -0.018212112, y: -0.7263879, z: -0.0069979695, w: 0.68700796}
  m_LocalPosition: {x: -0.11408334, y: 0.000000057220458, z: 0}
  m_LocalScale: {x: 2.64645, y: 0.9999997, z: 1.0000001}
  m_LocalEulerAnglesHint: {x: -2.0166626, y: -93.20892, z: 0.9656677}
  m_Children:
  - {fileID: 400004}
  m_Father: {fileID: 400008}
  m_RootOrder: 0
--- !u!4 &400008
Transform:
  m_ObjectHideFlags: 1
  m_PrefabParentObject: {fileID: 0}
  m_PrefabInternal: {fileID: 100100000}
  m_GameObject: {fileID: 100008}
  m_LocalRotation: {x: 0.036566842, y: 0.73324996, z: 0.015161049, w: 0.67880607}
  m_LocalPosition: {x: -0.096502185, y: 0.000000038146972, z: 0}
  m_LocalScale: {x: 1.4418939, y: 0.9999999, z: 1}
  m_LocalEulerAnglesHint: {x: 1.5706635, y: 94.47446, z: 4.257324}
  m_Children:
  - {fileID: 400006}
  m_Father: {fileID: 400010}
  m_RootOrder: 0
--- !u!4 &400010
Transform:
  m_ObjectHideFlags: 1
  m_PrefabParentObject: {fileID: 0}
  m_PrefabInternal: {fileID: 100100000}
  m_GameObject: {fileID: 100010}
  m_LocalRotation: {x: 0.85480696, y: 0.3785081, z: -0.30970737, w: 0.17354551}
  m_LocalPosition: {x: -0.12963818, y: 0.08396215, z: 0.016659012}
  m_LocalScale: {x: -1.007113, y: -0.99573046, z: -0.9910572}
  m_LocalEulerAnglesHint: {x: 32.083145, y: -151.9747, z: 140.44116}
  m_Children:
  - {fileID: 400008}
  m_Father: {fileID: 400066}
  m_RootOrder: 3
--- !u!4 &400012
Transform:
  m_ObjectHideFlags: 1
  m_PrefabParentObject: {fileID: 0}
  m_PrefabInternal: {fileID: 100100000}
  m_GameObject: {fileID: 100012}
  m_LocalRotation: {x: 0.09485352, y: 0.22295085, z: 0.034628764, w: 0.9695858}
  m_LocalPosition: {x: -0.03247614, y: 0, z: 0.000000009536743}
  m_LocalScale: {x: 0.5864012, y: 1.0000001, z: 1.0000001}
  m_LocalEulerAnglesHint: {x: 9.700394, y: 26.440979, z: 6.3749237}
  m_Children: []
  m_Father: {fileID: 400014}
  m_RootOrder: 0
--- !u!4 &400014
Transform:
  m_ObjectHideFlags: 1
  m_PrefabParentObject: {fileID: 0}
  m_PrefabInternal: {fileID: 100100000}
  m_GameObject: {fileID: 100014}
  m_LocalRotation: {x: -0.004150771, y: 0.16198377, z: 0.025277723, w: 0.9864609}
  m_LocalPosition: {x: -0.04158141, y: -0.000000038146972, z: 0}
  m_LocalScale: {x: 0.6716139, y: 0.99999994, z: 1.0000001}
  m_LocalEulerAnglesHint: {x: -0.93847656, y: 18.627502, z: 2.7818146}
  m_Children:
  - {fileID: 400012}
  m_Father: {fileID: 400016}
  m_RootOrder: 0
--- !u!4 &400016
Transform:
  m_ObjectHideFlags: 1
  m_PrefabParentObject: {fileID: 0}
  m_PrefabInternal: {fileID: 100100000}
  m_GameObject: {fileID: 100016}
  m_LocalRotation: {x: -0.013545333, y: -0.7623821, z: -0.11100755, w: 0.6373911}
  m_LocalPosition: {x: -0.11408334, y: 0.000000076293944, z: 0}
  m_LocalScale: {x: 2.6464503, y: 0.9999999, z: 1.0000002}
  m_LocalEulerAnglesHint: {x: -10.750244, y: -99.53955, z: -7.066162}
  m_Children:
  - {fileID: 400014}
  m_Father: {fileID: 400018}
  m_RootOrder: 0
--- !u!4 &400018
Transform:
  m_ObjectHideFlags: 1
  m_PrefabParentObject: {fileID: 0}
  m_PrefabInternal: {fileID: 100100000}
  m_GameObject: {fileID: 100018}
  m_LocalRotation: {x: -0.02201845, y: 0.7039221, z: -0.10779617, w: 0.70170426}
  m_LocalPosition: {x: -0.096502185, y: 0.000000038146972, z: 0.000000019073486}
  m_LocalScale: {x: 1.4418937, y: 0.99999976, z: 0.99999994}
  m_LocalEulerAnglesHint: {x: 6.941696, y: 89.53723, z: -10.581055}
  m_Children:
  - {fileID: 400016}
  m_Father: {fileID: 400020}
  m_RootOrder: 0
--- !u!4 &400020
Transform:
  m_ObjectHideFlags: 1
  m_PrefabParentObject: {fileID: 0}
  m_PrefabInternal: {fileID: 100100000}
  m_GameObject: {fileID: 100020}
  m_LocalRotation: {x: 0.1900637, y: -0.3384945, z: 0.5659261, w: 0.727341}
  m_LocalPosition: {x: -0.12964027, y: -0.08472427, z: 0.01665903}
  m_LocalScale: {x: 1.0071132, y: 0.9957308, z: 0.99105746}
  m_LocalEulerAnglesHint: {x: 41.26999, y: -21.64856, z: 67.53479}
  m_Children:
  - {fileID: 400018}
  m_Father: {fileID: 400066}
  m_RootOrder: 2
--- !u!4 &400022
Transform:
  m_ObjectHideFlags: 1
  m_PrefabParentObject: {fileID: 0}
  m_PrefabInternal: {fileID: 100100000}
  m_GameObject: {fileID: 100022}
  m_LocalRotation: {x: -0.06470675, y: 0.29815134, z: -0.06454924, w: 0.9501327}
  m_LocalPosition: {x: -0.032476127, y: -0.000000038146972, z: -0.000000019073486}
  m_LocalScale: {x: 0.5864013, y: 1.0000001, z: 1.0000001}
  m_LocalEulerAnglesHint: {x: -4.84552, y: 35.23857, z: -9.312744}
  m_Children: []
  m_Father: {fileID: 400024}
  m_RootOrder: 0
--- !u!4 &400024
Transform:
  m_ObjectHideFlags: 1
  m_PrefabParentObject: {fileID: 0}
  m_PrefabInternal: {fileID: 100100000}
  m_GameObject: {fileID: 100024}
  m_LocalRotation: {x: 0.000000006982628, y: 1.7892682e-10, z: 0.02561616, w: 0.9996719}
  m_LocalPosition: {x: -0.04158141, y: 0, z: 0}
  m_LocalScale: {x: 0.6716139, y: 0.9999999, z: 1}
  m_LocalEulerAnglesHint: {x: 0, y: 0, z: 2.9357147}
  m_Children:
  - {fileID: 400022}
  m_Father: {fileID: 400026}
  m_RootOrder: 0
--- !u!4 &400026
Transform:
  m_ObjectHideFlags: 1
  m_PrefabParentObject: {fileID: 0}
  m_PrefabInternal: {fileID: 100100000}
  m_GameObject: {fileID: 100026}
  m_LocalRotation: {x: 0.0032114636, y: -0.7847767, z: -0.012625297, w: 0.6196417}
  m_LocalPosition: {x: -0.114083365, y: 0.000000038146972, z: 0.000000009536743}
  m_LocalScale: {x: 2.64645, y: 0.9999997, z: 1.0000002}
  m_LocalEulerAnglesHint: {x: -0.90734863, y: -103.402985, z: -1.1855469}
  m_Children:
  - {fileID: 400024}
  m_Father: {fileID: 400028}
  m_RootOrder: 0
--- !u!4 &400028
Transform:
  m_ObjectHideFlags: 1
  m_PrefabParentObject: {fileID: 0}
  m_PrefabInternal: {fileID: 100100000}
  m_GameObject: {fileID: 100028}
  m_LocalRotation: {x: 0.028684547, y: 0.7868566, z: 0.010689769, w: 0.6163762}
  m_LocalPosition: {x: -0.096502215, y: 0, z: 0}
  m_LocalScale: {x: 1.3280998, y: 0.9999998, z: 1}
  m_LocalEulerAnglesHint: {x: 1.0622253, y: 103.88495, z: 3.3439026}
  m_Children:
  - {fileID: 400026}
  m_Father: {fileID: 400030}
  m_RootOrder: 0
--- !u!4 &400030
Transform:
  m_ObjectHideFlags: 1
  m_PrefabParentObject: {fileID: 0}
  m_PrefabInternal: {fileID: 100100000}
  m_GameObject: {fileID: 100030}
  m_LocalRotation: {x: 0.5643275, y: 0.7234653, z: -0.21712843, w: 0.3331482}
  m_LocalPosition: {x: -0.32456565, y: 0.1001531, z: 0.007873488}
  m_LocalScale: {x: -0.9999071, y: -0.99453294, z: -0.99952036}
  m_LocalEulerAnglesHint: {x: 43.644287, y: 160.88391, z: 68.19629}
  m_Children:
  - {fileID: 400028}
  m_Father: {fileID: 400066}
  m_RootOrder: 4
--- !u!4 &400032
Transform:
  m_ObjectHideFlags: 1
  m_PrefabParentObject: {fileID: 0}
  m_PrefabInternal: {fileID: 100100000}
  m_GameObject: {fileID: 100032}
  m_LocalRotation: {x: 0.04006185, y: 0.30083963, z: 0.058884557, w: 0.95101166}
  m_LocalPosition: {x: -0.03247615, y: 0.000000019073486, z: -0.000000019073486}
  m_LocalScale: {x: 0.5864012, y: 1, z: 1}
  m_LocalEulerAnglesHint: {x: 2.3365326, y: 35.26802, z: 7.8290253}
  m_Children: []
  m_Father: {fileID: 400034}
  m_RootOrder: 0
--- !u!4 &400034
Transform:
  m_ObjectHideFlags: 1
  m_PrefabParentObject: {fileID: 0}
  m_PrefabInternal: {fileID: 100100000}
  m_GameObject: {fileID: 100034}
  m_LocalRotation: {x: 0, y: 0, z: 0.025616217, w: 0.9996719}
  m_LocalPosition: {x: -0.04158142, y: 0.000000038146972, z: 0.000000019073486}
  m_LocalScale: {x: 0.67161393, y: 0.99999994, z: 1.0000001}
  m_LocalEulerAnglesHint: {x: 0, y: 0, z: 2.93573}
  m_Children:
  - {fileID: 400032}
  m_Father: {fileID: 400036}
  m_RootOrder: 0
--- !u!4 &400036
Transform:
  m_ObjectHideFlags: 1
  m_PrefabParentObject: {fileID: 0}
  m_PrefabInternal: {fileID: 100100000}
  m_GameObject: {fileID: 100036}
  m_LocalRotation: {x: 0.006786116, y: -0.6477617, z: -0.018856665, w: 0.7615794}
  m_LocalPosition: {x: -0.114083365, y: 0.000000076293944, z: -0.0000000166893}
  m_LocalScale: {x: 2.6464503, y: 0.9999996, z: 1}
  m_LocalEulerAnglesHint: {x: -0.8074951, y: -80.75055, z: -2.1500854}
  m_Children:
  - {fileID: 400034}
  m_Father: {fileID: 400038}
  m_RootOrder: 0
--- !u!4 &400038
Transform:
  m_ObjectHideFlags: 1
  m_PrefabParentObject: {fileID: 0}
  m_PrefabInternal: {fileID: 100100000}
  m_GameObject: {fileID: 100038}
  m_LocalRotation: {x: 0.024768723, y: 0.6967272, z: 0.0019225817, w: 0.71690595}
  m_LocalPosition: {x: -0.09650217, y: 0.000000076293944, z: 0}
  m_LocalScale: {x: 1.3280995, y: 0.9999998, z: 0.9999997}
  m_LocalEulerAnglesHint: {x: 1.8816223, y: 88.399475, z: 2.1371002}
  m_Children:
  - {fileID: 400036}
  m_Father: {fileID: 400040}
  m_RootOrder: 0
--- !u!4 &400040
Transform:
  m_ObjectHideFlags: 1
  m_PrefabParentObject: {fileID: 0}
  m_PrefabInternal: {fileID: 100100000}
  m_GameObject: {fileID: 100040}
  m_LocalRotation: {x: 0.33960083, y: -0.3085073, z: 0.7027565, w: 0.54371667}
  m_LocalPosition: {x: -0.32456812, y: -0.100910336, z: 0.007873535}
  m_LocalScale: {x: 0.9999072, y: 0.9945332, z: 0.99952036}
  m_LocalEulerAnglesHint: {x: 53.40834, y: 13.764435, z: 111.491394}
  m_Children:
  - {fileID: 400038}
  m_Father: {fileID: 400066}
  m_RootOrder: 1
--- !u!4 &400042
Transform:
  m_ObjectHideFlags: 1
  m_PrefabParentObject: {fileID: 0}
  m_PrefabInternal: {fileID: 100100000}
  m_GameObject: {fileID: 100042}
  m_LocalRotation: {x: 0.054424237, y: 0.30611297, z: 0.052751172, w: 0.94897324}
  m_LocalPosition: {x: -0.03247612, y: -0.000000023841856, z: 0}
  m_LocalScale: {x: 0.58640116, y: 1, z: 1.0000001}
  m_LocalEulerAnglesHint: {x: 4.07135, y: 36.030243, z: 7.687866}
  m_Children: []
  m_Father: {fileID: 400044}
  m_RootOrder: 0
--- !u!4 &400044
Transform:
  m_ObjectHideFlags: 1
  m_PrefabParentObject: {fileID: 0}
  m_PrefabInternal: {fileID: 100100000}
  m_GameObject: {fileID: 100044}
  m_LocalRotation: {x: -0.0019529255, y: 0.076212056, z: 0.02554171, w: 0.9967625}
  m_LocalPosition: {x: -0.041581426, y: -0.0000000011920929, z: 0}
  m_LocalScale: {x: 0.67161393, y: 1.0000001, z: 1}
  m_LocalEulerAnglesHint: {x: -0.446167, y: 8.733307, z: 2.901657}
  m_Children:
  - {fileID: 400042}
  m_Father: {fileID: 400046}
  m_RootOrder: 0
--- !u!4 &400046
Transform:
  m_ObjectHideFlags: 1
  m_PrefabParentObject: {fileID: 0}
  m_PrefabInternal: {fileID: 100100000}
  m_GameObject: {fileID: 100046}
  m_LocalRotation: {x: -0.008621931, y: -0.7685621, z: -0.017498279, w: 0.6394778}
  m_LocalPosition: {x: -0.114083365, y: 0.000000059604645, z: 0.000000009536743}
  m_LocalScale: {x: 2.64645, y: 0.99999964, z: 1.0000002}
  m_LocalEulerAnglesHint: {x: -2.173462, y: -100.466156, z: -0.5233154}
  m_Children:
  - {fileID: 400044}
  m_Father: {fileID: 400048}
  m_RootOrder: 0
--- !u!4 &400048
Transform:
  m_ObjectHideFlags: 1
  m_PrefabParentObject: {fileID: 0}
  m_PrefabInternal: {fileID: 100100000}
  m_GameObject: {fileID: 100048}
  m_LocalRotation: {x: 0.030991219, y: 0.786311, z: 0.012982803, w: 0.6169166}
  m_LocalPosition: {x: -0.096502185, y: 0.000000030994414, z: -0.000000019073486}
  m_LocalScale: {x: 1.3280998, y: 0.9999998, z: 0.99999994}
  m_LocalEulerAnglesHint: {x: 1.0211182, y: 103.79971, z: 3.71344}
  m_Children:
  - {fileID: 400046}
  m_Father: {fileID: 400050}
  m_RootOrder: 0
--- !u!4 &400050
Transform:
  m_ObjectHideFlags: 1
  m_PrefabParentObject: {fileID: 0}
  m_PrefabInternal: {fileID: 100100000}
  m_GameObject: {fileID: 100050}
  m_LocalRotation: {x: 0.7920379, y: 0.43995273, z: -0.27541938, w: 0.3213436}
  m_LocalPosition: {x: -0.12119764, y: 0.04505066, z: -0.0009372902}
  m_LocalScale: {x: -0.991645, y: -0.9958031, z: -1.0064626}
  m_LocalEulerAnglesHint: {x: 48.70967, y: -166.54565, z: 128.01105}
  m_Children:
  - {fileID: 400048}
  m_Father: {fileID: 400064}
  m_RootOrder: 2
--- !u!4 &400052
Transform:
  m_ObjectHideFlags: 1
  m_PrefabParentObject: {fileID: 0}
  m_PrefabInternal: {fileID: 100100000}
  m_GameObject: {fileID: 100052}
  m_LocalRotation: {x: 0.08898072, y: 0.46321324, z: 0.033725943, w: 0.8811234}
  m_LocalPosition: {x: -0.03247614, y: -0.000000019073486, z: 0}
  m_LocalScale: {x: 0.5864012, y: 1, z: 0.9999999}
  m_LocalEulerAnglesHint: {x: 7.2131805, y: 55.981567, z: 8.221436}
  m_Children: []
  m_Father: {fileID: 400054}
  m_RootOrder: 0
--- !u!4 &400054
Transform:
  m_ObjectHideFlags: 1
  m_PrefabParentObject: {fileID: 0}
  m_PrefabInternal: {fileID: 100100000}
  m_GameObject: {fileID: 100054}
  m_LocalRotation: {x: 0.0000000031557188, y: 0.000000022275247, z: 0.025616214, w: 0.9996719}
  m_LocalPosition: {x: -0.041581415, y: 0, z: 0}
  m_LocalScale: {x: 0.67161375, y: 0.9999999, z: 1}
  m_LocalEulerAnglesHint: {x: 0, y: 0, z: 2.93573}
  m_Children:
  - {fileID: 400052}
  m_Father: {fileID: 400056}
  m_RootOrder: 0
--- !u!4 &400056
Transform:
  m_ObjectHideFlags: 1
  m_PrefabParentObject: {fileID: 0}
  m_PrefabInternal: {fileID: 100100000}
  m_GameObject: {fileID: 100056}
  m_LocalRotation: {x: -0.008121638, y: -0.8266973, z: -0.01897582, w: 0.5622683}
  m_LocalPosition: {x: -0.114083365, y: 0.00000005483627, z: -0.000000009536743}
  m_LocalScale: {x: 2.64645, y: 0.9999995, z: 1}
  m_LocalEulerAnglesHint: {x: -2.3215332, y: -111.548584, z: -0.45361328}
  m_Children:
  - {fileID: 400054}
  m_Father: {fileID: 400058}
  m_RootOrder: 0
--- !u!4 &400058
Transform:
  m_ObjectHideFlags: 1
  m_PrefabParentObject: {fileID: 0}
  m_PrefabInternal: {fileID: 100100000}
  m_GameObject: {fileID: 100058}
  m_LocalRotation: {x: -0.124723725, y: 0.77064747, z: -0.15871789, w: 0.6044461}
  m_LocalPosition: {x: -0.0965022, y: 0.000000038743018, z: 0}
  m_LocalScale: {x: 1.3280998, y: 0.9999998, z: 0.9999999}
  m_LocalEulerAnglesHint: {x: 5.38533, y: 102.70184, z: -22.694153}
  m_Children:
  - {fileID: 400056}
  m_Father: {fileID: 400060}
  m_RootOrder: 0
--- !u!4 &400060
Transform:
  m_ObjectHideFlags: 1
  m_PrefabParentObject: {fileID: 0}
  m_PrefabInternal: {fileID: 100100000}
  m_GameObject: {fileID: 100060}
  m_LocalRotation: {x: 0.2783969, y: -0.46066368, z: 0.5323446, w: 0.65337074}
  m_LocalPosition: {x: -0.12119528, y: -0.04580098, z: -0.00093694683}
  m_LocalScale: {x: 0.99164516, y: 0.9958034, z: 1.0064626}
  m_LocalEulerAnglesHint: {x: 58.677673, y: -36.000153, z: 57.644592}
  m_Children:
  - {fileID: 400058}
  m_Father: {fileID: 400064}
  m_RootOrder: 1
--- !u!4 &400062
Transform:
  m_ObjectHideFlags: 1
  m_PrefabParentObject: {fileID: 0}
  m_PrefabInternal: {fileID: 100100000}
  m_GameObject: {fileID: 100062}
  m_LocalRotation: {x: -0.010666257, y: -0.32813028, z: -0.01981499, w: 0.9443644}
  m_LocalPosition: {x: -0.18513359, y: 0.000000095367426, z: 0}
  m_LocalScale: {x: 0.9080132, y: 0.9999698, z: 0.98522806}
  m_LocalEulerAnglesHint: {x: -1.8996582, y: -38.29181, z: -1.7445068}
  m_Children: []
  m_Father: {fileID: 400064}
  m_RootOrder: 0
--- !u!4 &400064
Transform:
  m_ObjectHideFlags: 1
  m_PrefabParentObject: {fileID: 0}
  m_PrefabInternal: {fileID: 100100000}
  m_GameObject: {fileID: 100064}
  m_LocalRotation: {x: -0.018799515, y: 0.11198832, z: -0.0095770545, w: 0.9934855}
  m_LocalPosition: {x: -0.45310584, y: -0.0000050544736, z: -0.000000009536743}
  m_LocalScale: {x: 0.9999998, y: 1.0000001, z: 0.9999998}
  m_LocalEulerAnglesHint: {x: -2.0177612, y: 12.88623, z: -1.3325195}
  m_Children:
  - {fileID: 400062}
  - {fileID: 400060}
  - {fileID: 400050}
  m_Father: {fileID: 400066}
  m_RootOrder: 0
--- !u!4 &400066
Transform:
  m_ObjectHideFlags: 1
  m_PrefabParentObject: {fileID: 0}
  m_PrefabInternal: {fileID: 100100000}
  m_GameObject: {fileID: 100066}
  m_LocalRotation: {x: -0.026930837, y: 0.2551071, z: 0.004283359, w: 0.96652824}
  m_LocalPosition: {x: -0.16594398, y: 0.000005130768, z: 0.000001411438}
  m_LocalScale: {x: 1.0971524, y: 1, z: 1.0038109}
  m_LocalEulerAnglesHint: {x: -3.109497, y: 29.57962, z: -0.3133545}
  m_Children:
  - {fileID: 400064}
  - {fileID: 400040}
  - {fileID: 400020}
  - {fileID: 400010}
  - {fileID: 400030}
  m_Father: {fileID: 400068}
  m_RootOrder: 0
--- !u!4 &400068
Transform:
  m_ObjectHideFlags: 1
  m_PrefabParentObject: {fileID: 0}
  m_PrefabInternal: {fileID: 100100000}
  m_GameObject: {fileID: 100068}
  m_LocalRotation: {x: 0.16897811, y: -0.17034027, z: 0.68369, w: 0.6892014}
  m_LocalPosition: {x: 0.000009307862, y: 0.4634332, z: -0.008607168}
  m_LocalScale: {x: 0.93484724, y: 1, z: 0.9810822}
  m_LocalEulerAnglesHint: {x: 27.764587, y: -0.2421875, z: 89.48013}
  m_Children:
  - {fileID: 400066}
  m_Father: {fileID: 400070}
  m_RootOrder: 0
--- !u!4 &400070
Transform:
  m_ObjectHideFlags: 1
  m_PrefabParentObject: {fileID: 0}
  m_PrefabInternal: {fileID: 100100000}
  m_GameObject: {fileID: 100070}
  m_LocalRotation: {x: -0.7071068, y: 0, z: -0, w: 0.7071068}
  m_LocalPosition: {x: -0.1603324, y: 0.16372319, z: -0.31554943}
  m_LocalScale: {x: 1, y: 1, z: 1}
  m_LocalEulerAnglesHint: {x: -90, y: 0, z: 0}
  m_Children:
  - {fileID: 400068}
  m_Father: {fileID: 400000}
  m_RootOrder: 1
--- !u!4 &400072
Transform:
  m_ObjectHideFlags: 1
  m_PrefabParentObject: {fileID: 0}
  m_PrefabInternal: {fileID: 100100000}
  m_GameObject: {fileID: 100072}
  m_LocalRotation: {x: -0.7071068, y: 0, z: -0, w: 0.7071068}
  m_LocalPosition: {x: -0.15760738, y: -0.026087208, z: 0.06521974}
  m_LocalScale: {x: 1, y: 1, z: 1}
  m_LocalEulerAnglesHint: {x: -90, y: 0, z: 0}
  m_Children: []
  m_Father: {fileID: 400000}
  m_RootOrder: 0
--- !u!4 &400074
Transform:
  m_ObjectHideFlags: 1
  m_PrefabParentObject: {fileID: 0}
  m_PrefabInternal: {fileID: 100100000}
  m_GameObject: {fileID: 100074}
  m_LocalRotation: {x: 0.7071068, y: 0, z: 0, w: 0.7071068}
  m_LocalPosition: {x: -0.13577414, y: 1.3454233, z: -0.30254078}
  m_LocalScale: {x: 1, y: 1, z: 1}
  m_LocalEulerAnglesHint: {x: 90, y: 0, z: 0}
  m_Children: []
  m_Father: {fileID: 400000}
  m_RootOrder: 2
--- !u!4 &400076
Transform:
  m_ObjectHideFlags: 1
  m_PrefabParentObject: {fileID: 0}
  m_PrefabInternal: {fileID: 100100000}
  m_GameObject: {fileID: 100076}
  m_LocalRotation: {x: 0, y: 0, z: 0, w: 1}
  m_LocalPosition: {x: -0.18, y: 0.85, z: -0.3}
  m_LocalScale: {x: 0.2, y: 0.2, z: 0.2}
  m_LocalEulerAnglesHint: {x: 0, y: 0, z: 0}
  m_Children: []
  m_Father: {fileID: 400000}
  m_RootOrder: 3
--- !u!23 &2300000
MeshRenderer:
  m_ObjectHideFlags: 1
  m_PrefabParentObject: {fileID: 0}
  m_PrefabInternal: {fileID: 100100000}
  m_GameObject: {fileID: 100076}
  m_Enabled: 1
  m_CastShadows: 1
  m_ReceiveShadows: 1
  m_Materials:
  - {fileID: 2100000, guid: 7415b401291c84f42b8a3b626ef0bfcc, type: 2}
  m_SubsetIndices: 
  m_StaticBatchRoot: {fileID: 0}
  m_UseLightProbes: 0
  m_ReflectionProbeUsage: 1
  m_ProbeAnchor: {fileID: 0}
  m_ScaleInLightmap: 1
  m_PreserveUVs: 0
  m_IgnoreNormalsForChartDetection: 0
  m_ImportantGI: 0
  m_MinimumChartSize: 4
  m_AutoUVMaxDistance: 0.5
  m_AutoUVMaxAngle: 89
  m_LightmapParameters: {fileID: 0}
  m_SortingLayerID: 0
  m_SortingOrder: 0
--- !u!33 &3300000
MeshFilter:
  m_ObjectHideFlags: 1
  m_PrefabParentObject: {fileID: 0}
  m_PrefabInternal: {fileID: 100100000}
  m_GameObject: {fileID: 100076}
  m_Mesh: {fileID: 10202, guid: 0000000000000000e000000000000000, type: 0}
--- !u!65 &6500000
BoxCollider:
  m_ObjectHideFlags: 1
  m_PrefabParentObject: {fileID: 0}
  m_PrefabInternal: {fileID: 100100000}
  m_GameObject: {fileID: 100000}
  m_Material: {fileID: 0}
  m_IsTrigger: 1
  m_Enabled: 1
  serializedVersion: 2
  m_Size: {x: 1, y: 1, z: 1}
  m_Center: {x: -0.2, y: 0.5, z: -0.2}
--- !u!65 &6500002
BoxCollider:
  m_ObjectHideFlags: 1
  m_PrefabParentObject: {fileID: 0}
  m_PrefabInternal: {fileID: 100100000}
  m_GameObject: {fileID: 100076}
  m_Material: {fileID: 0}
  m_IsTrigger: 0
  m_Enabled: 1
  serializedVersion: 2
  m_Size: {x: 1, y: 1, z: 1}
  m_Center: {x: 0, y: 0, z: 0}
--- !u!82 &8200000
AudioSource:
  m_ObjectHideFlags: 1
  m_PrefabParentObject: {fileID: 0}
  m_PrefabInternal: {fileID: 100100000}
  m_GameObject: {fileID: 100000}
  m_Enabled: 1
  serializedVersion: 4
  OutputAudioMixerGroup: {fileID: 0}
  m_audioClip: {fileID: 0}
  m_PlayOnAwake: 1
  m_Volume: 1
  m_Pitch: 1
  Loop: 0
  Mute: 0
  Spatialize: 0
  Priority: 128
  DopplerLevel: 1
  MinDistance: 1
  MaxDistance: 500
  Pan2D: 0
  rolloffMode: 0
  BypassEffects: 0
  BypassListenerEffects: 0
  BypassReverbZones: 0
  rolloffCustomCurve:
    serializedVersion: 2
    m_Curve:
    - time: 0
      value: 1
      inSlope: 0
      outSlope: 0
      tangentMode: 0
    - time: 1
      value: 0
      inSlope: 0
      outSlope: 0
      tangentMode: 0
    m_PreInfinity: 2
    m_PostInfinity: 2
    m_RotationOrder: 4
  panLevelCustomCurve:
    serializedVersion: 2
    m_Curve:
    - time: 0
      value: 1
      inSlope: 0
      outSlope: 0
      tangentMode: 0
    m_PreInfinity: 2
    m_PostInfinity: 2
    m_RotationOrder: 4
  spreadCustomCurve:
    serializedVersion: 2
    m_Curve:
    - time: 0
      value: 0
      inSlope: 0
      outSlope: 0
      tangentMode: 0
    m_PreInfinity: 2
    m_PostInfinity: 2
    m_RotationOrder: 4
  reverbZoneMixCustomCurve:
    serializedVersion: 2
    m_Curve:
    - time: 0
      value: 1
      inSlope: 0
      outSlope: 0
      tangentMode: 0
    m_PreInfinity: 2
    m_PostInfinity: 2
    m_RotationOrder: 4
--- !u!108 &10800000
Light:
  m_ObjectHideFlags: 1
  m_PrefabParentObject: {fileID: 0}
  m_PrefabInternal: {fileID: 100100000}
  m_GameObject: {fileID: 100074}
  m_Enabled: 1
  serializedVersion: 6
  m_Type: 0
  m_Color: {r: 1, g: 0.8601399, b: 0, a: 1}
  m_Intensity: 16
  m_Range: 10
  m_SpotAngle: 48
  m_CookieSize: 10
  m_Shadows:
    m_Type: 0
    m_Resolution: -1
    m_Strength: 1
    m_Bias: 0.05
    m_NormalBias: 0.4
    m_NearPlane: 0.2
  m_Cookie: {fileID: 2800000, guid: 6793afeb1ba524134ae93ee3038763e0, type: 3}
  m_DrawHalo: 0
  m_Flare: {fileID: 0}
  m_RenderMode: 0
  m_CullingMask:
    serializedVersion: 2
    m_Bits: 4294967295
  m_Lightmapping: 1
  m_BounceIntensity: 1
  m_ShadowRadius: 0
  m_ShadowAngle: 0
  m_AreaSize: {x: 1, y: 1}
--- !u!111 &11100000
Animation:
  m_ObjectHideFlags: 1
  m_PrefabParentObject: {fileID: 0}
  m_PrefabInternal: {fileID: 100100000}
  m_GameObject: {fileID: 100000}
  m_Enabled: 1
  serializedVersion: 3
  m_Animation: {fileID: 7400002, guid: c1e66939076d74e45862a8bb200faa91, type: 3}
  m_Animations:
  - {fileID: 7400002, guid: c1e66939076d74e45862a8bb200faa91, type: 3}
  m_WrapMode: 0
  m_PlayAutomatically: 1
  m_AnimatePhysics: 0
  m_CullingType: 1
--- !u!114 &11400000
MonoBehaviour:
  m_ObjectHideFlags: 1
  m_PrefabParentObject: {fileID: 0}
  m_PrefabInternal: {fileID: 100100000}
  m_GameObject: {fileID: 100000}
  m_Enabled: 1
  m_EditorHideFlags: 0
  m_Script: {fileID: 11500000, guid: f447c25728e7c4d8489d92bd2264c6e4, type: 3}
  m_Name: 
  m_EditorClassIdentifier: 
  moveSpeed: 1
  attackDistance: 20
  damage: 1
  attackSound: {fileID: 8300000, guid: 9d5fd6b76f2594041b909d58ab8b09e7, type: 3}
  moveSound: {fileID: 8300000, guid: 5d177c8e431af40989bd714d9add2fe8, type: 3}
  attackSoundInterval: 1
  moveSoundInterval: 1
--- !u!114 &11400002
MonoBehaviour:
  m_ObjectHideFlags: 1
  m_PrefabParentObject: {fileID: 0}
  m_PrefabInternal: {fileID: 100100000}
  m_GameObject: {fileID: 100000}
  m_Enabled: 1
  m_EditorHideFlags: 0
  m_Script: {fileID: 11500000, guid: 25b5d0cce9fdd4f37867bbb5aeb5c485, type: 3}
  m_Name: 
  m_EditorClassIdentifier: 
  spotLight: {fileID: 100076}
  touchedWasBegan: 0
--- !u!114 &11400004
MonoBehaviour:
  m_ObjectHideFlags: 1
  m_PrefabParentObject: {fileID: 0}
  m_PrefabInternal: {fileID: 100100000}
  m_GameObject: {fileID: 100076}
  m_Enabled: 1
  m_EditorHideFlags: 0
  m_Script: {fileID: 11500000, guid: 68544dc36873549d8a3a01614689ae27, type: 3}
  m_Name: 
  m_EditorClassIdentifier: 
  rotationAxis: 1
--- !u!137 &13700000
SkinnedMeshRenderer:
  m_ObjectHideFlags: 1
  m_PrefabParentObject: {fileID: 0}
  m_PrefabInternal: {fileID: 100100000}
  m_GameObject: {fileID: 100072}
  m_Enabled: 1
  m_CastShadows: 1
  m_ReceiveShadows: 1
  m_Materials:
  - {fileID: 2100000, guid: f9fed7a0d74028342ad7e144d397422a, type: 2}
  m_SubsetIndices: 
  m_StaticBatchRoot: {fileID: 0}
  m_UseLightProbes: 0
  m_ReflectionProbeUsage: 1
  m_ProbeAnchor: {fileID: 0}
  m_ScaleInLightmap: 1
  m_PreserveUVs: 0
  m_IgnoreNormalsForChartDetection: 0
  m_ImportantGI: 0
  m_MinimumChartSize: 4
  m_AutoUVMaxDistance: 0.5
  m_AutoUVMaxAngle: 89
  m_LightmapParameters: {fileID: 0}
  m_SortingLayerID: 0
  m_SortingOrder: 0
  serializedVersion: 2
  m_Quality: 0
  m_UpdateWhenOffscreen: 0
  m_Mesh: {fileID: 4300000, guid: c1e66939076d74e45862a8bb200faa91, type: 3}
  m_Bones:
  - {fileID: 400062}
  - {fileID: 400064}
  - {fileID: 400060}
  - {fileID: 400050}
  - {fileID: 400066}
  - {fileID: 400068}
  - {fileID: 400030}
  - {fileID: 400010}
  - {fileID: 400008}
  - {fileID: 400020}
  - {fileID: 400040}
  - {fileID: 400018}
  - {fileID: 400058}
  - {fileID: 400056}
  - {fileID: 400054}
  - {fileID: 400052}
  - {fileID: 400038}
  - {fileID: 400036}
  - {fileID: 400034}
  - {fileID: 400032}
  - {fileID: 400016}
  - {fileID: 400014}
  - {fileID: 400012}
  - {fileID: 400028}
  - {fileID: 400026}
  - {fileID: 400024}
  - {fileID: 400022}
  - {fileID: 400048}
  - {fileID: 400046}
  - {fileID: 400044}
  - {fileID: 400042}
  - {fileID: 400006}
  - {fileID: 400004}
  - {fileID: 400002}
  m_BlendShapeWeights: []
  m_RootBone: {fileID: 400068}
  m_AABB:
    m_Center: {x: -0.46817783, y: -0.028373092, z: 0.1946167}
    m_Extent: {x: 0.46817812, y: 0.45295426, z: 0.3405948}
  m_DirtyAABB: 0
--- !u!143 &14300000
CharacterController:
  m_ObjectHideFlags: 1
  m_PrefabParentObject: {fileID: 0}
  m_PrefabInternal: {fileID: 100100000}
  m_GameObject: {fileID: 100000}
  m_Material: {fileID: 0}
  m_IsTrigger: 0
  m_Enabled: 1
  serializedVersion: 2
  m_Height: 0.5
  m_Radius: 0.4
  m_SlopeLimit: 45
  m_StepOffset: 0.3
  m_SkinWidth: 0.08
  m_MinMoveDistance: 0
  m_Center: {x: -0.2, y: 0.3, z: -0.2}
--- !u!1001 &100100000
Prefab:
  m_ObjectHideFlags: 1
  serializedVersion: 2
  m_Modification:
    m_TransformParent: {fileID: 0}
    m_Modifications: []
    m_RemovedComponents: []
  m_ParentPrefab: {fileID: 0}
  m_RootGameObject: {fileID: 100000}
  m_IsPrefabParent: 1
