%YAML 1.1
%TAG !u! tag:unity3d.com,2011:
--- !u!1002 &100001
EditorExtensionImpl:
  serializedVersion: 6
--- !u!1 &100002
GameObject:
  m_ObjectHideFlags: 0
  m_PrefabParentObject: {fileID: 0}
  m_PrefabInternal: {fileID: 100100000}
  serializedVersion: 4
  m_Component:
  - 4: {fileID: 400002}
  - 111: {fileID: 11100000}
  - 114: {fileID: 11400002}
  - 143: {fileID: 14300000}
  - 65: {fileID: 6500002}
  - 114: {fileID: 11400004}
  - 82: {fileID: 8200000}
  m_Layer: 0
  m_Name: SpiderEnemy
  m_TagString: Enemy
  m_Icon: {fileID: 0}
  m_NavMeshLayer: 0
  m_StaticEditorFlags: 0
  m_IsActive: 1
--- !u!1002 &100003
EditorExtensionImpl:
  serializedVersion: 6
--- !u!1 &100004
GameObject:
  m_ObjectHideFlags: 1
  m_PrefabParentObject: {fileID: 0}
  m_PrefabInternal: {fileID: 100100000}
  serializedVersion: 4
  m_Component:
  - 4: {fileID: 400004}
  m_Layer: 0
  m_Name: B_right_2_leg_02
  m_TagString: Untagged
  m_Icon: {fileID: 0}
  m_NavMeshLayer: 0
  m_StaticEditorFlags: 0
  m_IsActive: 1
--- !u!1002 &100005
EditorExtensionImpl:
  serializedVersion: 6
--- !u!1 &100006
GameObject:
  m_ObjectHideFlags: 1
  m_PrefabParentObject: {fileID: 0}
  m_PrefabInternal: {fileID: 100100000}
  serializedVersion: 4
  m_Component:
  - 4: {fileID: 400006}
  m_Layer: 0
  m_Name: B_right_3_leg_03
  m_TagString: Untagged
  m_Icon: {fileID: 0}
  m_NavMeshLayer: 0
  m_StaticEditorFlags: 0
  m_IsActive: 1
--- !u!1002 &100007
EditorExtensionImpl:
  serializedVersion: 6
--- !u!1 &100008
GameObject:
  m_ObjectHideFlags: 1
  m_PrefabParentObject: {fileID: 0}
  m_PrefabInternal: {fileID: 100100000}
  serializedVersion: 4
  m_Component:
  - 4: {fileID: 400008}
  m_Layer: 0
  m_Name: B_right_4_leg_00
  m_TagString: Untagged
  m_Icon: {fileID: 0}
  m_NavMeshLayer: 0
  m_StaticEditorFlags: 0
  m_IsActive: 1
--- !u!1002 &100009
EditorExtensionImpl:
  serializedVersion: 6
--- !u!1 &100010
GameObject:
  m_ObjectHideFlags: 1
  m_PrefabParentObject: {fileID: 0}
  m_PrefabInternal: {fileID: 100100000}
  serializedVersion: 4
  m_Component:
  - 4: {fileID: 400010}
  m_Layer: 0
  m_Name: B_right_1_leg_04
  m_TagString: Untagged
  m_Icon: {fileID: 0}
  m_NavMeshLayer: 0
  m_StaticEditorFlags: 0
  m_IsActive: 1
--- !u!1002 &100011
EditorExtensionImpl:
  serializedVersion: 6
--- !u!1 &100012
GameObject:
  m_ObjectHideFlags: 1
  m_PrefabParentObject: {fileID: 0}
  m_PrefabInternal: {fileID: 100100000}
  serializedVersion: 4
  m_Component:
  - 4: {fileID: 400012}
  m_Layer: 0
  m_Name: B_right_1_leg_02
  m_TagString: Untagged
  m_Icon: {fileID: 0}
  m_NavMeshLayer: 0
  m_StaticEditorFlags: 0
  m_IsActive: 1
--- !u!1002 &100013
EditorExtensionImpl:
  serializedVersion: 6
--- !u!1 &100014
GameObject:
  m_ObjectHideFlags: 1
  m_PrefabParentObject: {fileID: 0}
  m_PrefabInternal: {fileID: 100100000}
  serializedVersion: 4
  m_Component:
  - 4: {fileID: 400014}
  m_Layer: 0
  m_Name: B_right_3_leg_02
  m_TagString: Untagged
  m_Icon: {fileID: 0}
  m_NavMeshLayer: 0
  m_StaticEditorFlags: 0
  m_IsActive: 1
--- !u!1002 &100015
EditorExtensionImpl:
  serializedVersion: 6
--- !u!1 &100016
GameObject:
  m_ObjectHideFlags: 1
  m_PrefabParentObject: {fileID: 0}
  m_PrefabInternal: {fileID: 100100000}
  serializedVersion: 4
  m_Component:
  - 4: {fileID: 400016}
  m_Layer: 0
  m_Name: B_right_3_leg_01
  m_TagString: Untagged
  m_Icon: {fileID: 0}
  m_NavMeshLayer: 0
  m_StaticEditorFlags: 0
  m_IsActive: 1
--- !u!1002 &100017
EditorExtensionImpl:
  serializedVersion: 6
--- !u!1 &100018
GameObject:
  m_ObjectHideFlags: 1
  m_PrefabParentObject: {fileID: 0}
  m_PrefabInternal: {fileID: 100100000}
  serializedVersion: 4
  m_Component:
  - 4: {fileID: 400018}
  m_Layer: 0
  m_Name: B_right_4_leg_02
  m_TagString: Untagged
  m_Icon: {fileID: 0}
  m_NavMeshLayer: 0
  m_StaticEditorFlags: 0
  m_IsActive: 1
--- !u!1002 &100019
EditorExtensionImpl:
  serializedVersion: 6
--- !u!1 &100020
GameObject:
  m_ObjectHideFlags: 1
  m_PrefabParentObject: {fileID: 0}
  m_PrefabInternal: {fileID: 100100000}
  serializedVersion: 4
  m_Component:
  - 4: {fileID: 400022}
  m_Layer: 0
  m_Name: B_right_2_leg_00
  m_TagString: Untagged
  m_Icon: {fileID: 0}
  m_NavMeshLayer: 0
  m_StaticEditorFlags: 0
  m_IsActive: 1
--- !u!1002 &100021
EditorExtensionImpl:
  serializedVersion: 6
--- !u!1 &100022
GameObject:
  m_ObjectHideFlags: 1
  m_PrefabParentObject: {fileID: 0}
  m_PrefabInternal: {fileID: 100100000}
  serializedVersion: 4
  m_Component:
  - 4: {fileID: 400024}
  m_Layer: 0
  m_Name: B_right_2_leg_04
  m_TagString: Untagged
  m_Icon: {fileID: 0}
  m_NavMeshLayer: 0
  m_StaticEditorFlags: 0
  m_IsActive: 1
--- !u!1002 &100023
EditorExtensionImpl:
  serializedVersion: 6
--- !u!1 &100024
GameObject:
  m_ObjectHideFlags: 1
  m_PrefabParentObject: {fileID: 0}
  m_PrefabInternal: {fileID: 100100000}
  serializedVersion: 4
  m_Component:
  - 4: {fileID: 400026}
  m_Layer: 0
  m_Name: B_right_1_leg_03
  m_TagString: Untagged
  m_Icon: {fileID: 0}
  m_NavMeshLayer: 0
  m_StaticEditorFlags: 0
  m_IsActive: 1
--- !u!1002 &100025
EditorExtensionImpl:
  serializedVersion: 6
--- !u!1 &100026
GameObject:
  m_ObjectHideFlags: 1
  m_PrefabParentObject: {fileID: 0}
  m_PrefabInternal: {fileID: 100100000}
  serializedVersion: 4
  m_Component:
  - 4: {fileID: 400028}
  m_Layer: 0
  m_Name: B_right_3_leg_00
  m_TagString: Untagged
  m_Icon: {fileID: 0}
  m_NavMeshLayer: 0
  m_StaticEditorFlags: 0
  m_IsActive: 1
--- !u!1002 &100027
EditorExtensionImpl:
  serializedVersion: 6
--- !u!1 &100028
GameObject:
  m_ObjectHideFlags: 1
  m_PrefabParentObject: {fileID: 0}
  m_PrefabInternal: {fileID: 100100000}
  serializedVersion: 4
  m_Component:
  - 4: {fileID: 400030}
  m_Layer: 0
  m_Name: B_right_2_leg_03
  m_TagString: Untagged
  m_Icon: {fileID: 0}
  m_NavMeshLayer: 0
  m_StaticEditorFlags: 0
  m_IsActive: 1
--- !u!1002 &100029
EditorExtensionImpl:
  serializedVersion: 6
--- !u!1 &100030
GameObject:
  m_ObjectHideFlags: 1
  m_PrefabParentObject: {fileID: 0}
  m_PrefabInternal: {fileID: 100100000}
  serializedVersion: 4
  m_Component:
  - 4: {fileID: 400032}
  m_Layer: 0
  m_Name: B_right_3_leg_04
  m_TagString: Untagged
  m_Icon: {fileID: 0}
  m_NavMeshLayer: 0
  m_StaticEditorFlags: 0
  m_IsActive: 1
--- !u!1002 &100031
EditorExtensionImpl:
  serializedVersion: 6
--- !u!1 &100032
GameObject:
  m_ObjectHideFlags: 1
  m_PrefabParentObject: {fileID: 0}
  m_PrefabInternal: {fileID: 100100000}
  serializedVersion: 4
  m_Component:
  - 4: {fileID: 400034}
  m_Layer: 0
  m_Name: B_right_4_leg_01
  m_TagString: Untagged
  m_Icon: {fileID: 0}
  m_NavMeshLayer: 0
  m_StaticEditorFlags: 0
  m_IsActive: 1
--- !u!1002 &100033
EditorExtensionImpl:
  serializedVersion: 6
--- !u!1 &100034
GameObject:
  m_ObjectHideFlags: 1
  m_PrefabParentObject: {fileID: 0}
  m_PrefabInternal: {fileID: 100100000}
  serializedVersion: 4
  m_Component:
  - 4: {fileID: 400036}
  m_Layer: 0
  m_Name: B_right_4_leg_04
  m_TagString: Untagged
  m_Icon: {fileID: 0}
  m_NavMeshLayer: 0
  m_StaticEditorFlags: 0
  m_IsActive: 1
--- !u!1002 &100035
EditorExtensionImpl:
  serializedVersion: 6
--- !u!1 &100036
GameObject:
  m_ObjectHideFlags: 1
  m_PrefabParentObject: {fileID: 0}
  m_PrefabInternal: {fileID: 100100000}
  serializedVersion: 4
  m_Component:
  - 4: {fileID: 400038}
  m_Layer: 0
  m_Name: B_right_1_leg_01
  m_TagString: Untagged
  m_Icon: {fileID: 0}
  m_NavMeshLayer: 0
  m_StaticEditorFlags: 0
  m_IsActive: 1
--- !u!1002 &100037
EditorExtensionImpl:
  serializedVersion: 6
--- !u!1 &100038
GameObject:
  m_ObjectHideFlags: 1
  m_PrefabParentObject: {fileID: 0}
  m_PrefabInternal: {fileID: 100100000}
  serializedVersion: 4
  m_Component:
  - 4: {fileID: 400040}
  m_Layer: 0
  m_Name: B_right_2_leg_01
  m_TagString: Untagged
  m_Icon: {fileID: 0}
  m_NavMeshLayer: 0
  m_StaticEditorFlags: 0
  m_IsActive: 1
--- !u!1002 &100039
EditorExtensionImpl:
  serializedVersion: 6
--- !u!1 &100040
GameObject:
  m_ObjectHideFlags: 1
  m_PrefabParentObject: {fileID: 0}
  m_PrefabInternal: {fileID: 100100000}
  serializedVersion: 4
  m_Component:
  - 4: {fileID: 400042}
  m_Layer: 0
  m_Name: B_right_1_leg_00
  m_TagString: Untagged
  m_Icon: {fileID: 0}
  m_NavMeshLayer: 0
  m_StaticEditorFlags: 0
  m_IsActive: 1
--- !u!1002 &100041
EditorExtensionImpl:
  serializedVersion: 6
--- !u!1 &100042
GameObject:
  m_ObjectHideFlags: 1
  m_PrefabParentObject: {fileID: 0}
  m_PrefabInternal: {fileID: 100100000}
  serializedVersion: 4
  m_Component:
  - 4: {fileID: 400044}
  m_Layer: 0
  m_Name: B_right_4_leg_03
  m_TagString: Untagged
  m_Icon: {fileID: 0}
  m_NavMeshLayer: 0
  m_StaticEditorFlags: 0
  m_IsActive: 1
--- !u!1002 &100043
EditorExtensionImpl:
  serializedVersion: 6
--- !u!1 &100044
GameObject:
  m_ObjectHideFlags: 1
  m_PrefabParentObject: {fileID: 0}
  m_PrefabInternal: {fileID: 100100000}
  serializedVersion: 4
  m_Component:
  - 4: {fileID: 400046}
  m_Layer: 0
  m_Name: B_left_3_leg_02
  m_TagString: Untagged
  m_Icon: {fileID: 0}
  m_NavMeshLayer: 0
  m_StaticEditorFlags: 0
  m_IsActive: 1
--- !u!1002 &100045
EditorExtensionImpl:
  serializedVersion: 6
--- !u!1 &100046
GameObject:
  m_ObjectHideFlags: 1
  m_PrefabParentObject: {fileID: 0}
  m_PrefabInternal: {fileID: 100100000}
  serializedVersion: 4
  m_Component:
  - 4: {fileID: 400048}
  m_Layer: 0
  m_Name: B_right_jawl_00
  m_TagString: Untagged
  m_Icon: {fileID: 0}
  m_NavMeshLayer: 0
  m_StaticEditorFlags: 0
  m_IsActive: 1
--- !u!1002 &100047
EditorExtensionImpl:
  serializedVersion: 6
--- !u!1 &100048
GameObject:
  m_ObjectHideFlags: 1
  m_PrefabParentObject: {fileID: 0}
  m_PrefabInternal: {fileID: 100100000}
  serializedVersion: 4
  m_Component:
  - 4: {fileID: 400050}
  m_Layer: 0
  m_Name: IK Chain03
  m_TagString: Untagged
  m_Icon: {fileID: 0}
  m_NavMeshLayer: 0
  m_StaticEditorFlags: 0
  m_IsActive: 1
--- !u!1002 &100049
EditorExtensionImpl:
  serializedVersion: 6
--- !u!1 &100050
GameObject:
  m_ObjectHideFlags: 1
  m_PrefabParentObject: {fileID: 0}
  m_PrefabInternal: {fileID: 100100000}
  serializedVersion: 4
  m_Component:
  - 4: {fileID: 400052}
  m_Layer: 0
  m_Name: B_left_3_leg_03
  m_TagString: Untagged
  m_Icon: {fileID: 0}
  m_NavMeshLayer: 0
  m_StaticEditorFlags: 0
  m_IsActive: 1
--- !u!1002 &100051
EditorExtensionImpl:
  serializedVersion: 6
--- !u!1 &100052
GameObject:
  m_ObjectHideFlags: 1
  m_PrefabParentObject: {fileID: 0}
  m_PrefabInternal: {fileID: 100100000}
  serializedVersion: 4
  m_Component:
  - 4: {fileID: 400054}
  m_Layer: 0
  m_Name: B_left_4_leg_00
  m_TagString: Untagged
  m_Icon: {fileID: 0}
  m_NavMeshLayer: 0
  m_StaticEditorFlags: 0
  m_IsActive: 1
--- !u!1002 &100053
EditorExtensionImpl:
  serializedVersion: 6
--- !u!1 &100054
GameObject:
  m_ObjectHideFlags: 1
  m_PrefabParentObject: {fileID: 0}
  m_PrefabInternal: {fileID: 100100000}
  serializedVersion: 4
  m_Component:
  - 4: {fileID: 400056}
  m_Layer: 0
  m_Name: B_left_2_leg_01
  m_TagString: Untagged
  m_Icon: {fileID: 0}
  m_NavMeshLayer: 0
  m_StaticEditorFlags: 0
  m_IsActive: 1
--- !u!1002 &100055
EditorExtensionImpl:
  serializedVersion: 6
--- !u!1 &100056
GameObject:
  m_ObjectHideFlags: 1
  m_PrefabParentObject: {fileID: 0}
  m_PrefabInternal: {fileID: 100100000}
  serializedVersion: 4
  m_Component:
  - 4: {fileID: 400058}
  m_Layer: 0
  m_Name: B_left_1_leg_02
  m_TagString: Untagged
  m_Icon: {fileID: 0}
  m_NavMeshLayer: 0
  m_StaticEditorFlags: 0
  m_IsActive: 1
--- !u!1002 &100057
EditorExtensionImpl:
  serializedVersion: 6
--- !u!1 &100058
GameObject:
  m_ObjectHideFlags: 1
  m_PrefabParentObject: {fileID: 0}
  m_PrefabInternal: {fileID: 100100000}
  serializedVersion: 4
  m_Component:
  - 4: {fileID: 400060}
  m_Layer: 0
  m_Name: B_left_2_leg_02
  m_TagString: Untagged
  m_Icon: {fileID: 0}
  m_NavMeshLayer: 0
  m_StaticEditorFlags: 0
  m_IsActive: 1
--- !u!1002 &100059
EditorExtensionImpl:
  serializedVersion: 6
--- !u!1 &100060
GameObject:
  m_ObjectHideFlags: 1
  m_PrefabParentObject: {fileID: 0}
  m_PrefabInternal: {fileID: 100100000}
  serializedVersion: 4
  m_Component:
  - 4: {fileID: 400062}
  m_Layer: 0
  m_Name: B_left_3_leg_04
  m_TagString: Untagged
  m_Icon: {fileID: 0}
  m_NavMeshLayer: 0
  m_StaticEditorFlags: 0
  m_IsActive: 1
--- !u!1002 &100061
EditorExtensionImpl:
  serializedVersion: 6
--- !u!1 &100062
GameObject:
  m_ObjectHideFlags: 1
  m_PrefabParentObject: {fileID: 0}
  m_PrefabInternal: {fileID: 100100000}
  serializedVersion: 4
  m_Component:
  - 4: {fileID: 400064}
  m_Layer: 0
  m_Name: b_root
  m_TagString: Untagged
  m_Icon: {fileID: 0}
  m_NavMeshLayer: 0
  m_StaticEditorFlags: 0
  m_IsActive: 1
--- !u!1002 &100063
EditorExtensionImpl:
  serializedVersion: 6
--- !u!1 &100064
GameObject:
  m_ObjectHideFlags: 1
  m_PrefabParentObject: {fileID: 0}
  m_PrefabInternal: {fileID: 100100000}
  serializedVersion: 4
  m_Component:
  - 4: {fileID: 400066}
  m_Layer: 0
  m_Name: B_left_2_leg_03
  m_TagString: Untagged
  m_Icon: {fileID: 0}
  m_NavMeshLayer: 0
  m_StaticEditorFlags: 0
  m_IsActive: 1
--- !u!1002 &100065
EditorExtensionImpl:
  serializedVersion: 6
--- !u!1 &100066
GameObject:
  m_ObjectHideFlags: 1
  m_PrefabParentObject: {fileID: 0}
  m_PrefabInternal: {fileID: 100100000}
  serializedVersion: 4
  m_Component:
  - 4: {fileID: 400068}
  m_Layer: 0
  m_Name: B_left_3_leg_01
  m_TagString: Untagged
  m_Icon: {fileID: 0}
  m_NavMeshLayer: 0
  m_StaticEditorFlags: 0
  m_IsActive: 1
--- !u!1002 &100067
EditorExtensionImpl:
  serializedVersion: 6
--- !u!1 &100068
GameObject:
  m_ObjectHideFlags: 1
  m_PrefabParentObject: {fileID: 0}
  m_PrefabInternal: {fileID: 100100000}
  serializedVersion: 4
  m_Component:
  - 4: {fileID: 400070}
  m_Layer: 0
  m_Name: B_left_2_leg_04
  m_TagString: Untagged
  m_Icon: {fileID: 0}
  m_NavMeshLayer: 0
  m_StaticEditorFlags: 0
  m_IsActive: 1
--- !u!1002 &100069
EditorExtensionImpl:
  serializedVersion: 6
--- !u!1 &100070
GameObject:
  m_ObjectHideFlags: 1
  m_PrefabParentObject: {fileID: 0}
  m_PrefabInternal: {fileID: 100100000}
  serializedVersion: 4
  m_Component:
  - 4: {fileID: 400072}
  m_Layer: 0
  m_Name: B_right_jawl_01
  m_TagString: Untagged
  m_Icon: {fileID: 0}
  m_NavMeshLayer: 0
  m_StaticEditorFlags: 0
  m_IsActive: 1
--- !u!1002 &100071
EditorExtensionImpl:
  serializedVersion: 6
--- !u!1 &100072
GameObject:
  m_ObjectHideFlags: 1
  m_PrefabParentObject: {fileID: 0}
  m_PrefabInternal: {fileID: 100100000}
  serializedVersion: 4
  m_Component:
  - 4: {fileID: 400074}
  m_Layer: 0
  m_Name: B_left_1_leg_01
  m_TagString: Untagged
  m_Icon: {fileID: 0}
  m_NavMeshLayer: 0
  m_StaticEditorFlags: 0
  m_IsActive: 1
--- !u!1002 &100073
EditorExtensionImpl:
  serializedVersion: 6
--- !u!1 &100074
GameObject:
  m_ObjectHideFlags: 1
  m_PrefabParentObject: {fileID: 0}
  m_PrefabInternal: {fileID: 100100000}
  serializedVersion: 4
  m_Component:
  - 4: {fileID: 400076}
  m_Layer: 0
  m_Name: B_left_3_leg_00
  m_TagString: Untagged
  m_Icon: {fileID: 0}
  m_NavMeshLayer: 0
  m_StaticEditorFlags: 0
  m_IsActive: 1
--- !u!1002 &100075
EditorExtensionImpl:
  serializedVersion: 6
--- !u!1 &100076
GameObject:
  m_ObjectHideFlags: 1
  m_PrefabParentObject: {fileID: 0}
  m_PrefabInternal: {fileID: 100100000}
  serializedVersion: 4
  m_Component:
  - 4: {fileID: 400078}
  m_Layer: 0
  m_Name: B_right_jawl_02
  m_TagString: Untagged
  m_Icon: {fileID: 0}
  m_NavMeshLayer: 0
  m_StaticEditorFlags: 0
  m_IsActive: 1
--- !u!1002 &100077
EditorExtensionImpl:
  serializedVersion: 6
--- !u!1 &100078
GameObject:
  m_ObjectHideFlags: 1
  m_PrefabParentObject: {fileID: 0}
  m_PrefabInternal: {fileID: 100100000}
  serializedVersion: 4
  m_Component:
  - 4: {fileID: 400080}
  m_Layer: 0
  m_Name: B_left_1_leg_03
  m_TagString: Untagged
  m_Icon: {fileID: 0}
  m_NavMeshLayer: 0
  m_StaticEditorFlags: 0
  m_IsActive: 1
--- !u!1002 &100079
EditorExtensionImpl:
  serializedVersion: 6
--- !u!1 &100080
GameObject:
  m_ObjectHideFlags: 1
  m_PrefabParentObject: {fileID: 0}
  m_PrefabInternal: {fileID: 100100000}
  serializedVersion: 4
  m_Component:
  - 4: {fileID: 400082}
  m_Layer: 0
  m_Name: B_left_2_leg_00
  m_TagString: Untagged
  m_Icon: {fileID: 0}
  m_NavMeshLayer: 0
  m_StaticEditorFlags: 0
  m_IsActive: 1
--- !u!1002 &100081
EditorExtensionImpl:
  serializedVersion: 6
--- !u!1 &100082
GameObject:
  m_ObjectHideFlags: 1
  m_PrefabParentObject: {fileID: 0}
  m_PrefabInternal: {fileID: 100100000}
  serializedVersion: 4
  m_Component:
  - 4: {fileID: 400084}
  m_Layer: 0
  m_Name: B_left_1_leg_04
  m_TagString: Untagged
  m_Icon: {fileID: 0}
  m_NavMeshLayer: 0
  m_StaticEditorFlags: 0
  m_IsActive: 1
--- !u!1002 &100083
EditorExtensionImpl:
  serializedVersion: 6
--- !u!1 &100084
GameObject:
  m_ObjectHideFlags: 1
  m_PrefabParentObject: {fileID: 0}
  m_PrefabInternal: {fileID: 100100000}
  serializedVersion: 4
  m_Component:
  - 4: {fileID: 400086}
  m_Layer: 0
  m_Name: B_left_4_leg_04
  m_TagString: Untagged
  m_Icon: {fileID: 0}
  m_NavMeshLayer: 0
  m_StaticEditorFlags: 0
  m_IsActive: 1
--- !u!1002 &100085
EditorExtensionImpl:
  serializedVersion: 6
--- !u!1 &100086
GameObject:
  m_ObjectHideFlags: 1
  m_PrefabParentObject: {fileID: 0}
  m_PrefabInternal: {fileID: 100100000}
  serializedVersion: 4
  m_Component:
  - 4: {fileID: 400088}
  m_Layer: 0
  m_Name: IK Chain02
  m_TagString: Untagged
  m_Icon: {fileID: 0}
  m_NavMeshLayer: 0
  m_StaticEditorFlags: 0
  m_IsActive: 1
--- !u!1002 &100087
EditorExtensionImpl:
  serializedVersion: 6
--- !u!1 &100088
GameObject:
  m_ObjectHideFlags: 1
  m_PrefabParentObject: {fileID: 0}
  m_PrefabInternal: {fileID: 100100000}
  serializedVersion: 4
  m_Component:
  - 4: {fileID: 400090}
  m_Layer: 0
  m_Name: IK Chain05
  m_TagString: Untagged
  m_Icon: {fileID: 0}
  m_NavMeshLayer: 0
  m_StaticEditorFlags: 0
  m_IsActive: 1
--- !u!1002 &100089
EditorExtensionImpl:
  serializedVersion: 6
--- !u!1 &100090
GameObject:
  m_ObjectHideFlags: 1
  m_PrefabParentObject: {fileID: 0}
  m_PrefabInternal: {fileID: 100100000}
  serializedVersion: 4
  m_Component:
  - 4: {fileID: 400092}
  m_Layer: 0
  m_Name: IK Chain01
  m_TagString: Untagged
  m_Icon: {fileID: 0}
  m_NavMeshLayer: 0
  m_StaticEditorFlags: 0
  m_IsActive: 1
--- !u!1002 &100091
EditorExtensionImpl:
  serializedVersion: 6
--- !u!1 &100092
GameObject:
  m_ObjectHideFlags: 1
  m_PrefabParentObject: {fileID: 0}
  m_PrefabInternal: {fileID: 100100000}
  serializedVersion: 4
  m_Component:
  - 4: {fileID: 400094}
  m_Layer: 0
  m_Name: B_left_4_leg_03
  m_TagString: Untagged
  m_Icon: {fileID: 0}
  m_NavMeshLayer: 0
  m_StaticEditorFlags: 0
  m_IsActive: 1
--- !u!1002 &100093
EditorExtensionImpl:
  serializedVersion: 6
--- !u!1 &100094
GameObject:
  m_ObjectHideFlags: 1
  m_PrefabParentObject: {fileID: 0}
  m_PrefabInternal: {fileID: 100100000}
  serializedVersion: 4
  m_Component:
  - 4: {fileID: 400096}
  m_Layer: 0
  m_Name: B_left_4_leg_01
  m_TagString: Untagged
  m_Icon: {fileID: 0}
  m_NavMeshLayer: 0
  m_StaticEditorFlags: 0
  m_IsActive: 1
--- !u!1002 &100095
EditorExtensionImpl:
  serializedVersion: 6
--- !u!1 &100096
GameObject:
  m_ObjectHideFlags: 1
  m_PrefabParentObject: {fileID: 0}
  m_PrefabInternal: {fileID: 100100000}
  serializedVersion: 4
  m_Component:
  - 4: {fileID: 400098}
  m_Layer: 0
  m_Name: B_left_4_leg_02
  m_TagString: Untagged
  m_Icon: {fileID: 0}
  m_NavMeshLayer: 0
  m_StaticEditorFlags: 0
  m_IsActive: 1
--- !u!1002 &100097
EditorExtensionImpl:
  serializedVersion: 6
--- !u!1 &100098
GameObject:
  m_ObjectHideFlags: 1
  m_PrefabParentObject: {fileID: 0}
  m_PrefabInternal: {fileID: 100100000}
  serializedVersion: 4
  m_Component:
  - 4: {fileID: 400100}
  m_Layer: 0
  m_Name: B_left_jawl_02
  m_TagString: Untagged
  m_Icon: {fileID: 0}
  m_NavMeshLayer: 0
  m_StaticEditorFlags: 0
  m_IsActive: 1
--- !u!1002 &100099
EditorExtensionImpl:
  serializedVersion: 6
--- !u!1 &100100
GameObject:
  m_ObjectHideFlags: 1
  m_PrefabParentObject: {fileID: 0}
  m_PrefabInternal: {fileID: 100100000}
  serializedVersion: 4
  m_Component:
  - 4: {fileID: 400102}
  m_Layer: 0
  m_Name: B_left_1_leg_00
  m_TagString: Untagged
  m_Icon: {fileID: 0}
  m_NavMeshLayer: 0
  m_StaticEditorFlags: 0
  m_IsActive: 1
--- !u!1002 &100101
EditorExtensionImpl:
  serializedVersion: 6
--- !u!1 &100102
GameObject:
  m_ObjectHideFlags: 1
  m_PrefabParentObject: {fileID: 0}
  m_PrefabInternal: {fileID: 100100000}
  serializedVersion: 4
  m_Component:
  - 4: {fileID: 400104}
  m_Layer: 0
  m_Name: B_left_jawl_00
  m_TagString: Untagged
  m_Icon: {fileID: 0}
  m_NavMeshLayer: 0
  m_StaticEditorFlags: 0
  m_IsActive: 1
--- !u!1002 &100103
EditorExtensionImpl:
  serializedVersion: 6
--- !u!1 &100104
GameObject:
  m_ObjectHideFlags: 1
  m_PrefabParentObject: {fileID: 0}
  m_PrefabInternal: {fileID: 100100000}
  serializedVersion: 4
  m_Component:
  - 4: {fileID: 400106}
  m_Layer: 0
  m_Name: B_left_jawl_01
  m_TagString: Untagged
  m_Icon: {fileID: 0}
  m_NavMeshLayer: 0
  m_StaticEditorFlags: 0
  m_IsActive: 1
--- !u!1002 &100105
EditorExtensionImpl:
  serializedVersion: 6
--- !u!1 &100106
GameObject:
  m_ObjectHideFlags: 1
  m_PrefabParentObject: {fileID: 0}
  m_PrefabInternal: {fileID: 100100000}
  serializedVersion: 4
  m_Component:
  - 4: {fileID: 400110}
  m_Layer: 0
  m_Name: B_tail_03
  m_TagString: Untagged
  m_Icon: {fileID: 0}
  m_NavMeshLayer: 0
  m_StaticEditorFlags: 0
  m_IsActive: 1
--- !u!1002 &100107
EditorExtensionImpl:
  serializedVersion: 6
--- !u!1 &100108
GameObject:
  m_ObjectHideFlags: 1
  m_PrefabParentObject: {fileID: 0}
  m_PrefabInternal: {fileID: 100100000}
  serializedVersion: 4
  m_Component:
  - 4: {fileID: 400112}
  m_Layer: 0
  m_Name: IK Chain06
  m_TagString: Untagged
  m_Icon: {fileID: 0}
  m_NavMeshLayer: 0
  m_StaticEditorFlags: 0
  m_IsActive: 1
--- !u!1002 &100109
EditorExtensionImpl:
  serializedVersion: 6
--- !u!1 &100110
GameObject:
  m_ObjectHideFlags: 1
  m_PrefabParentObject: {fileID: 0}
  m_PrefabInternal: {fileID: 100100000}
  serializedVersion: 4
  m_Component:
  - 4: {fileID: 400114}
  m_Layer: 0
  m_Name: IK Chain07
  m_TagString: Untagged
  m_Icon: {fileID: 0}
  m_NavMeshLayer: 0
  m_StaticEditorFlags: 0
  m_IsActive: 1
--- !u!1002 &100111
EditorExtensionImpl:
  serializedVersion: 6
--- !u!1 &100112
GameObject:
  m_ObjectHideFlags: 1
  m_PrefabParentObject: {fileID: 0}
  m_PrefabInternal: {fileID: 100100000}
  serializedVersion: 4
  m_Component:
  - 4: {fileID: 400116}
  m_Layer: 0
  m_Name: IK Chain08
  m_TagString: Untagged
  m_Icon: {fileID: 0}
  m_NavMeshLayer: 0
  m_StaticEditorFlags: 0
  m_IsActive: 1
--- !u!1002 &100113
EditorExtensionImpl:
  serializedVersion: 6
--- !u!1 &100114
GameObject:
  m_ObjectHideFlags: 1
  m_PrefabParentObject: {fileID: 0}
  m_PrefabInternal: {fileID: 100100000}
  serializedVersion: 4
  m_Component:
  - 4: {fileID: 400118}
  m_Layer: 0
  m_Name: IK Chain04
  m_TagString: Untagged
  m_Icon: {fileID: 0}
  m_NavMeshLayer: 0
  m_StaticEditorFlags: 0
  m_IsActive: 1
--- !u!1002 &100115
EditorExtensionImpl:
  serializedVersion: 6
--- !u!1 &100116
GameObject:
  m_ObjectHideFlags: 1
  m_PrefabParentObject: {fileID: 0}
  m_PrefabInternal: {fileID: 100100000}
  serializedVersion: 4
  m_Component:
  - 4: {fileID: 400120}
  m_Layer: 0
  m_Name: B_tail_02
  m_TagString: Untagged
  m_Icon: {fileID: 0}
  m_NavMeshLayer: 0
  m_StaticEditorFlags: 0
  m_IsActive: 1
--- !u!1002 &100117
EditorExtensionImpl:
  serializedVersion: 6
--- !u!1 &100118
GameObject:
  m_ObjectHideFlags: 1
  m_PrefabParentObject: {fileID: 0}
  m_PrefabInternal: {fileID: 100100000}
  serializedVersion: 4
  m_Component:
  - 4: {fileID: 400122}
  m_Layer: 0
  m_Name: B_tail_00
  m_TagString: Untagged
  m_Icon: {fileID: 0}
  m_NavMeshLayer: 0
  m_StaticEditorFlags: 0
  m_IsActive: 1
--- !u!1002 &100119
EditorExtensionImpl:
  serializedVersion: 6
--- !u!1 &100120
GameObject:
  m_ObjectHideFlags: 1
  m_PrefabParentObject: {fileID: 0}
  m_PrefabInternal: {fileID: 100100000}
  serializedVersion: 4
  m_Component:
  - 4: {fileID: 400124}
  m_Layer: 0
  m_Name: B_tail_01
  m_TagString: Untagged
  m_Icon: {fileID: 0}
  m_NavMeshLayer: 0
  m_StaticEditorFlags: 0
  m_IsActive: 1
--- !u!1002 &100121
EditorExtensionImpl:
  serializedVersion: 6
--- !u!1 &100122
GameObject:
  m_ObjectHideFlags: 0
  m_PrefabParentObject: {fileID: 0}
  m_PrefabInternal: {fileID: 100100000}
  serializedVersion: 4
  m_Component:
  - 4: {fileID: 400020}
  m_Layer: 0
  m_Name: big_spider_control
  m_TagString: Untagged
  m_Icon: {fileID: 0}
  m_NavMeshLayer: 0
  m_StaticEditorFlags: 0
  m_IsActive: 1
--- !u!1002 &100123
EditorExtensionImpl:
  serializedVersion: 6
--- !u!1 &100124
GameObject:
  m_ObjectHideFlags: 0
  m_PrefabParentObject: {fileID: 0}
  m_PrefabInternal: {fileID: 100100000}
  serializedVersion: 4
  m_Component:
  - 4: {fileID: 400108}
  - 137: {fileID: 13700000}
  m_Layer: 0
  m_Name: spider_big_01
  m_TagString: Untagged
  m_Icon: {fileID: 0}
  m_NavMeshLayer: 0
  m_StaticEditorFlags: 0
  m_IsActive: 1
--- !u!1002 &100125
EditorExtensionImpl:
  serializedVersion: 6
--- !u!1002 &400001
EditorExtensionImpl:
  serializedVersion: 6
--- !u!4 &400002
Transform:
  m_ObjectHideFlags: 1
  m_PrefabParentObject: {fileID: 0}
  m_PrefabInternal: {fileID: 100100000}
  m_GameObject: {fileID: 100002}
  m_LocalRotation: {x: 0, y: 0, z: 0, w: 1}
  m_LocalPosition: {x: 0, y: 0, z: 0}
  m_LocalScale: {x: 1, y: 1, z: 1}
  m_LocalEulerAnglesHint: {x: 0, y: 0, z: 0}
  m_Children:
  - {fileID: 400020}
  - {fileID: 400108}
  m_Father: {fileID: 0}
  m_RootOrder: 0
--- !u!1002 &400003
EditorExtensionImpl:
  serializedVersion: 6
--- !u!4 &400004
Transform:
  m_ObjectHideFlags: 1
  m_PrefabParentObject: {fileID: 0}
  m_PrefabInternal: {fileID: 100100000}
  m_GameObject: {fileID: 100004}
  m_LocalRotation: {x: -0.30388165, y: -0.058833286, z: -0.23491415, w: 0.92141736}
  m_LocalPosition: {x: -0.0034498714, y: 0.0000000011920929, z: -5.9604643e-10}
  m_LocalScale: {x: 1, y: 0.9999999, z: 0.9999995}
  m_LocalEulerAnglesHint: {x: 0, y: 0, z: 0}
  m_Children:
  - {fileID: 400030}
  m_Father: {fileID: 400040}
  m_RootOrder: 0
--- !u!1002 &400005
EditorExtensionImpl:
  serializedVersion: 6
--- !u!4 &400006
Transform:
  m_ObjectHideFlags: 1
  m_PrefabParentObject: {fileID: 0}
  m_PrefabInternal: {fileID: 100100000}
  m_GameObject: {fileID: 100006}
  m_LocalRotation: {x: -0.22402571, y: -0.32323024, z: 0.31701082, w: 0.86304045}
  m_LocalPosition: {x: -0.011953529, y: -0.0000000011920929, z: 0.0000000011920929}
  m_LocalScale: {x: 0.9999998, y: 1.0000002, z: 1.0000004}
  m_LocalEulerAnglesHint: {x: 0, y: 0, z: 0}
  m_Children:
  - {fileID: 400032}
  m_Father: {fileID: 400014}
  m_RootOrder: 0
--- !u!1002 &400007
EditorExtensionImpl:
  serializedVersion: 6
--- !u!4 &400008
Transform:
  m_ObjectHideFlags: 1
  m_PrefabParentObject: {fileID: 0}
  m_PrefabInternal: {fileID: 100100000}
  m_GameObject: {fileID: 100008}
  m_LocalRotation: {x: 0.1148117, y: 0.4837439, z: -0.44625002, w: 0.74409074}
  m_LocalPosition: {x: -0.0053785625, y: 0.004462274, z: -0.0016629028}
  m_LocalScale: {x: 1, y: 1.0000007, z: 1.0000005}
  m_LocalEulerAnglesHint: {x: 0, y: 0, z: 0}
  m_Children:
  - {fileID: 400034}
  m_Father: {fileID: 400064}
  m_RootOrder: 8
--- !u!1002 &400009
EditorExtensionImpl:
  serializedVersion: 6
--- !u!4 &400010
Transform:
  m_ObjectHideFlags: 1
  m_PrefabParentObject: {fileID: 0}
  m_PrefabInternal: {fileID: 100100000}
  m_GameObject: {fileID: 100010}
  m_LocalRotation: {x: 0.109047085, y: 0.32694158, z: 0.03296669, w: 0.938153}
  m_LocalPosition: {x: -0.005486299, y: 0.0000000023841857, z: -0.00000000230968}
  m_LocalScale: {x: 0.99999976, y: 1, z: 0.99999994}
  m_LocalEulerAnglesHint: {x: 0, y: 0, z: 0}
  m_Children: []
  m_Father: {fileID: 400026}
  m_RootOrder: 0
--- !u!1002 &400011
EditorExtensionImpl:
  serializedVersion: 6
--- !u!4 &400012
Transform:
  m_ObjectHideFlags: 1
  m_PrefabParentObject: {fileID: 0}
  m_PrefabInternal: {fileID: 100100000}
  m_GameObject: {fileID: 100012}
  m_LocalRotation: {x: -0.33311167, y: -0.25316912, z: -0.44132325, w: 0.7938361}
  m_LocalPosition: {x: -0.0035669052, y: 0, z: 0.0000000023841857}
  m_LocalScale: {x: 1.0000001, y: 1, z: 0.99999994}
  m_LocalEulerAnglesHint: {x: 0, y: 0, z: 0}
  m_Children:
  - {fileID: 400026}
  m_Father: {fileID: 400038}
  m_RootOrder: 0
--- !u!1002 &400013
EditorExtensionImpl:
  serializedVersion: 6
--- !u!4 &400014
Transform:
  m_ObjectHideFlags: 1
  m_PrefabParentObject: {fileID: 0}
  m_PrefabInternal: {fileID: 100100000}
  m_GameObject: {fileID: 100014}
  m_LocalRotation: {x: 0.31996053, y: -0.023465171, z: 0.26093194, w: 0.9104885}
  m_LocalPosition: {x: -0.0034229122, y: -0.000000005662441, z: 0}
  m_LocalScale: {x: 0.99999994, y: 1.0000002, z: 1.0000004}
  m_LocalEulerAnglesHint: {x: 0, y: 0, z: 0}
  m_Children:
  - {fileID: 400006}
  m_Father: {fileID: 400016}
  m_RootOrder: 0
--- !u!1002 &400015
EditorExtensionImpl:
  serializedVersion: 6
--- !u!4 &400016
Transform:
  m_ObjectHideFlags: 1
  m_PrefabParentObject: {fileID: 0}
  m_PrefabInternal: {fileID: 100100000}
  m_GameObject: {fileID: 100016}
  m_LocalRotation: {x: 0.056061164, y: -0.32402742, z: 0.1691657, w: 0.9291105}
  m_LocalPosition: {x: -0.013836835, y: -0.0000000011920929, z: 0.000000001490116}
  m_LocalScale: {x: 0.99999994, y: 0.99999994, z: 1}
  m_LocalEulerAnglesHint: {x: 0, y: 0, z: 0}
  m_Children:
  - {fileID: 400014}
  m_Father: {fileID: 400028}
  m_RootOrder: 0
--- !u!1002 &400017
EditorExtensionImpl:
  serializedVersion: 6
--- !u!4 &400018
Transform:
  m_ObjectHideFlags: 1
  m_PrefabParentObject: {fileID: 0}
  m_PrefabInternal: {fileID: 100100000}
  m_GameObject: {fileID: 100018}
  m_LocalRotation: {x: 0.3087512, y: -0.08365395, z: 0.48004273, w: 0.81684375}
  m_LocalPosition: {x: -0.004433733, y: 0, z: 0.0000000017881393}
  m_LocalScale: {x: 1.0000001, y: 0.9999998, z: 0.9999999}
  m_LocalEulerAnglesHint: {x: 0, y: 0, z: 0}
  m_Children:
  - {fileID: 400044}
  m_Father: {fileID: 400034}
  m_RootOrder: 0
--- !u!1002 &400019
EditorExtensionImpl:
  serializedVersion: 6
--- !u!4 &400020
Transform:
  m_ObjectHideFlags: 1
  m_PrefabParentObject: {fileID: 0}
  m_PrefabInternal: {fileID: 100100000}
  m_GameObject: {fileID: 100122}
  m_LocalRotation: {x: -0.7071068, y: 0, z: -0, w: 0.7071068}
  m_LocalPosition: {x: 0, y: 0.020459594, z: 0}
  m_LocalScale: {x: 1, y: 1, z: 1}
  m_LocalEulerAnglesHint: {x: 0, y: 0, z: 0}
  m_Children:
  - {fileID: 400064}
  - {fileID: 400092}
  - {fileID: 400088}
  - {fileID: 400050}
  - {fileID: 400118}
  - {fileID: 400090}
  - {fileID: 400112}
  - {fileID: 400114}
  - {fileID: 400116}
  m_Father: {fileID: 400002}
  m_RootOrder: 0
--- !u!1002 &400021
EditorExtensionImpl:
  serializedVersion: 6
--- !u!4 &400022
Transform:
  m_ObjectHideFlags: 1
  m_PrefabParentObject: {fileID: 0}
  m_PrefabInternal: {fileID: 100100000}
  m_GameObject: {fileID: 100020}
  m_LocalRotation: {x: 0.22484456, y: 0.18450588, z: -0.7969835, w: 0.52935797}
  m_LocalPosition: {x: -0.0022968522, y: 0.004191398, z: -0.0016629028}
  m_LocalScale: {x: 1.0000001, y: 1.0000004, z: 1.0000004}
  m_LocalEulerAnglesHint: {x: 0, y: 0, z: 0}
  m_Children:
  - {fileID: 400040}
  m_Father: {fileID: 400064}
  m_RootOrder: 6
--- !u!1002 &400023
EditorExtensionImpl:
  serializedVersion: 6
--- !u!4 &400024
Transform:
  m_ObjectHideFlags: 1
  m_PrefabParentObject: {fileID: 0}
  m_PrefabInternal: {fileID: 100100000}
  m_GameObject: {fileID: 100022}
  m_LocalRotation: {x: 0.06671691, y: 0.38551915, z: 0.034937106, w: 0.9196213}
  m_LocalPosition: {x: -0.0058250516, y: 0.0000000047683715, z: -0.0000000011920929}
  m_LocalScale: {x: 1.0000002, y: 1.0000004, z: 1.0000002}
  m_LocalEulerAnglesHint: {x: 0, y: 0, z: 0}
  m_Children: []
  m_Father: {fileID: 400030}
  m_RootOrder: 0
--- !u!1002 &400025
EditorExtensionImpl:
  serializedVersion: 6
--- !u!4 &400026
Transform:
  m_ObjectHideFlags: 1
  m_PrefabParentObject: {fileID: 0}
  m_PrefabInternal: {fileID: 100100000}
  m_GameObject: {fileID: 100024}
  m_LocalRotation: {x: 0.015027148, y: -0.08949355, z: -0.37628928, w: 0.92204744}
  m_LocalPosition: {x: -0.010444338, y: 0.000000005960464, z: 0.0000000019371509}
  m_LocalScale: {x: 1.0000002, y: 1, z: 1}
  m_LocalEulerAnglesHint: {x: 0, y: 0, z: 0}
  m_Children:
  - {fileID: 400010}
  m_Father: {fileID: 400012}
  m_RootOrder: 0
--- !u!1002 &400027
EditorExtensionImpl:
  serializedVersion: 6
--- !u!4 &400028
Transform:
  m_ObjectHideFlags: 1
  m_PrefabParentObject: {fileID: 0}
  m_PrefabInternal: {fileID: 100100000}
  m_GameObject: {fileID: 100026}
  m_LocalRotation: {x: 0.22200957, y: 0.27302822, z: -0.55173534, w: 0.7561452}
  m_LocalPosition: {x: -0.003641997, y: 0.0043433, z: -0.0016629028}
  m_LocalScale: {x: 0.9999999, y: 1.0000001, z: 1}
  m_LocalEulerAnglesHint: {x: 0, y: 0, z: 0}
  m_Children:
  - {fileID: 400016}
  m_Father: {fileID: 400064}
  m_RootOrder: 7
--- !u!1002 &400029
EditorExtensionImpl:
  serializedVersion: 6
--- !u!4 &400030
Transform:
  m_ObjectHideFlags: 1
  m_PrefabParentObject: {fileID: 0}
  m_PrefabInternal: {fileID: 100100000}
  m_GameObject: {fileID: 100028}
  m_LocalRotation: {x: 0.20853858, y: -0.19878116, z: -0.25363252, w: 0.9234004}
  m_LocalPosition: {x: -0.011332513, y: 0.000000005960464, z: 8.9406965e-10}
  m_LocalScale: {x: 0.99999976, y: 0.99999994, z: 1.0000001}
  m_LocalEulerAnglesHint: {x: 0, y: 0, z: 0}
  m_Children:
  - {fileID: 400024}
  m_Father: {fileID: 400004}
  m_RootOrder: 0
--- !u!1002 &400031
EditorExtensionImpl:
  serializedVersion: 6
--- !u!4 &400032
Transform:
  m_ObjectHideFlags: 1
  m_PrefabParentObject: {fileID: 0}
  m_PrefabInternal: {fileID: 100100000}
  m_GameObject: {fileID: 100030}
  m_LocalRotation: {x: -0.057114948, y: 0.4204986, z: -0.024925817, w: 0.90515053}
  m_LocalPosition: {x: -0.0067562982, y: -0.000000009536743, z: 0.0000000023841857}
  m_LocalScale: {x: 0.99999994, y: 1.0000001, z: 0.9999998}
  m_LocalEulerAnglesHint: {x: 0, y: 0, z: 0}
  m_Children: []
  m_Father: {fileID: 400006}
  m_RootOrder: 0
--- !u!1002 &400033
EditorExtensionImpl:
  serializedVersion: 6
--- !u!4 &400034
Transform:
  m_ObjectHideFlags: 1
  m_PrefabParentObject: {fileID: 0}
  m_PrefabInternal: {fileID: 100100000}
  m_GameObject: {fileID: 100032}
  m_LocalRotation: {x: 0.19939452, y: -0.3549054, z: 0.3760862, w: 0.832372}
  m_LocalPosition: {x: -0.016532814, y: 0.0000000017881393, z: -0.000000005960464}
  m_LocalScale: {x: 0.99999976, y: 1.0000002, z: 1.0000001}
  m_LocalEulerAnglesHint: {x: 0, y: 0, z: 0}
  m_Children:
  - {fileID: 400018}
  m_Father: {fileID: 400008}
  m_RootOrder: 0
--- !u!1002 &400035
EditorExtensionImpl:
  serializedVersion: 6
--- !u!4 &400036
Transform:
  m_ObjectHideFlags: 1
  m_PrefabParentObject: {fileID: 0}
  m_PrefabInternal: {fileID: 100100000}
  m_GameObject: {fileID: 100034}
  m_LocalRotation: {x: -0.048325807, y: 0.24372838, z: -0.005685704, w: 0.96862215}
  m_LocalPosition: {x: -0.007773248, y: 0.000000009536743, z: -0.0000000035762786}
  m_LocalScale: {x: 0.9999998, y: 1.0000001, z: 1}
  m_LocalEulerAnglesHint: {x: 0, y: 0, z: 0}
  m_Children: []
  m_Father: {fileID: 400044}
  m_RootOrder: 0
--- !u!1002 &400037
EditorExtensionImpl:
  serializedVersion: 6
--- !u!4 &400038
Transform:
  m_ObjectHideFlags: 1
  m_PrefabParentObject: {fileID: 0}
  m_PrefabInternal: {fileID: 100100000}
  m_GameObject: {fileID: 100036}
  m_LocalRotation: {x: -0.1277033, y: -0.40491942, z: -0.2334863, w: 0.8747664}
  m_LocalPosition: {x: -0.013349921, y: -0.0000000011920929, z: 0.0000000013411044}
  m_LocalScale: {x: 0.99999994, y: 0.9999998, z: 0.99999994}
  m_LocalEulerAnglesHint: {x: 0, y: 0, z: 0}
  m_Children:
  - {fileID: 400012}
  m_Father: {fileID: 400042}
  m_RootOrder: 0
--- !u!1002 &400039
EditorExtensionImpl:
  serializedVersion: 6
--- !u!4 &400040
Transform:
  m_ObjectHideFlags: 1
  m_PrefabParentObject: {fileID: 0}
  m_PrefabInternal: {fileID: 100100000}
  m_GameObject: {fileID: 100038}
  m_LocalRotation: {x: -0.06330201, y: -0.26444697, z: -0.15007713, w: 0.9505459}
  m_LocalPosition: {x: -0.013976196, y: -0.000000024139881, z: -0.0000000010430813}
  m_LocalScale: {x: 1.0000002, y: 1.0000002, z: 0.99999994}
  m_LocalEulerAnglesHint: {x: 0, y: 0, z: 0}
  m_Children:
  - {fileID: 400004}
  m_Father: {fileID: 400022}
  m_RootOrder: 0
--- !u!1002 &400041
EditorExtensionImpl:
  serializedVersion: 6
--- !u!4 &400042
Transform:
  m_ObjectHideFlags: 1
  m_PrefabParentObject: {fileID: 0}
  m_PrefabInternal: {fileID: 100100000}
  m_GameObject: {fileID: 100040}
  m_LocalRotation: {x: -0.47623542, y: -0.17165945, z: 0.7618181, w: -0.40418577}
  m_LocalPosition: {x: -0.0009288506, y: 0.0036663734, z: -0.0016629028}
  m_LocalScale: {x: 1, y: 1.0000005, z: 1.0000001}
  m_LocalEulerAnglesHint: {x: 0, y: 0, z: 0}
  m_Children:
  - {fileID: 400038}
  m_Father: {fileID: 400064}
  m_RootOrder: 5
--- !u!1002 &400043
EditorExtensionImpl:
  serializedVersion: 6
--- !u!4 &400044
Transform:
  m_ObjectHideFlags: 1
  m_PrefabParentObject: {fileID: 0}
  m_PrefabInternal: {fileID: 100100000}
  m_GameObject: {fileID: 100042}
  m_LocalRotation: {x: -0.29530355, y: -0.05586773, z: 0.24313024, w: 0.9222594}
  m_LocalPosition: {x: -0.013178067, y: 0, z: 0}
  m_LocalScale: {x: 1.0000004, y: 0.9999998, z: 1}
  m_LocalEulerAnglesHint: {x: 0, y: 0, z: 0}
  m_Children:
  - {fileID: 400036}
  m_Father: {fileID: 400018}
  m_RootOrder: 0
--- !u!1002 &400045
EditorExtensionImpl:
  serializedVersion: 6
--- !u!4 &400046
Transform:
  m_ObjectHideFlags: 1
  m_PrefabParentObject: {fileID: 0}
  m_PrefabInternal: {fileID: 100100000}
  m_GameObject: {fileID: 100044}
  m_LocalRotation: {x: -0.32895815, y: -0.08158741, z: -0.35309154, w: 0.8720415}
  m_LocalPosition: {x: -0.0034229099, y: 0.000000005662441, z: 0}
  m_LocalScale: {x: 0.99999994, y: 1, z: 1}
  m_LocalEulerAnglesHint: {x: 0, y: 0, z: 0}
  m_Children:
  - {fileID: 400052}
  m_Father: {fileID: 400068}
  m_RootOrder: 0
--- !u!1002 &400047
EditorExtensionImpl:
  serializedVersion: 6
--- !u!4 &400048
Transform:
  m_ObjectHideFlags: 1
  m_PrefabParentObject: {fileID: 0}
  m_PrefabInternal: {fileID: 100100000}
  m_GameObject: {fileID: 100046}
  m_LocalRotation: {x: -0.29044977, y: -0.09500724, z: 0.8734528, w: -0.37906846}
  m_LocalPosition: {x: 0.0004992175, y: 0.0012760505, z: -0.00051574706}
  m_LocalScale: {x: 0.9999998, y: 1.0000005, z: 1.0000002}
  m_LocalEulerAnglesHint: {x: 0, y: 0, z: 0}
  m_Children:
  - {fileID: 400072}
  m_Father: {fileID: 400064}
  m_RootOrder: 9
--- !u!1002 &400049
EditorExtensionImpl:
  serializedVersion: 6
--- !u!4 &400050
Transform:
  m_ObjectHideFlags: 1
  m_PrefabParentObject: {fileID: 0}
  m_PrefabInternal: {fileID: 100100000}
  m_GameObject: {fileID: 100048}
  m_LocalRotation: {x: 0, y: -0, z: -0, w: 1}
  m_LocalPosition: {x: -0.023665793, y: 0.0068578697, z: -0.019652708}
  m_LocalScale: {x: 1, y: 1, z: 1}
  m_LocalEulerAnglesHint: {x: 0, y: 0, z: 0}
  m_Children: []
  m_Father: {fileID: 400020}
  m_RootOrder: 3
--- !u!1002 &400051
EditorExtensionImpl:
  serializedVersion: 6
--- !u!4 &400052
Transform:
  m_ObjectHideFlags: 1
  m_PrefabParentObject: {fileID: 0}
  m_PrefabInternal: {fileID: 100100000}
  m_GameObject: {fileID: 100050}
  m_LocalRotation: {x: 0.20181999, y: -0.33848664, z: -0.37092364, w: 0.840899}
  m_LocalPosition: {x: -0.011953528, y: -0.0000000035762786, z: -0.0000000017881393}
  m_LocalScale: {x: 0.99999964, y: 0.99999976, z: 0.99999994}
  m_LocalEulerAnglesHint: {x: 0, y: 0, z: 0}
  m_Children:
  - {fileID: 400062}
  m_Father: {fileID: 400046}
  m_RootOrder: 0
--- !u!1002 &400053
EditorExtensionImpl:
  serializedVersion: 6
--- !u!4 &400054
Transform:
  m_ObjectHideFlags: 1
  m_PrefabParentObject: {fileID: 0}
  m_PrefabInternal: {fileID: 100100000}
  m_GameObject: {fileID: 100052}
  m_LocalRotation: {x: -0.12729473, y: 0.26889467, z: 0.34994188, w: 0.88827497}
  m_LocalPosition: {x: -0.0052713035, y: -0.0045472984, z: -0.0016629028}
  m_LocalScale: {x: 1.0000004, y: 1.0000004, z: 1.0000001}
  m_LocalEulerAnglesHint: {x: 0, y: 0, z: 0}
  m_Children:
  - {fileID: 400096}
  m_Father: {fileID: 400064}
  m_RootOrder: 3
--- !u!1002 &400055
EditorExtensionImpl:
  serializedVersion: 6
--- !u!4 &400056
Transform:
  m_ObjectHideFlags: 1
  m_PrefabParentObject: {fileID: 0}
  m_PrefabInternal: {fileID: 100100000}
  m_GameObject: {fileID: 100054}
  m_LocalRotation: {x: 0.11680639, y: -0.36721325, z: 0.22015013, w: 0.8961276}
  m_LocalPosition: {x: -0.013976201, y: 0.000000022500753, z: -5.9604643e-10}
  m_LocalScale: {x: 1.0000004, y: 1.0000004, z: 1.0000001}
  m_LocalEulerAnglesHint: {x: 0, y: 0, z: 0}
  m_Children:
  - {fileID: 400060}
  m_Father: {fileID: 400082}
  m_RootOrder: 0
--- !u!1002 &400057
EditorExtensionImpl:
  serializedVersion: 6
--- !u!4 &400058
Transform:
  m_ObjectHideFlags: 1
  m_PrefabParentObject: {fileID: 0}
  m_PrefabInternal: {fileID: 100100000}
  m_GameObject: {fileID: 100056}
  m_LocalRotation: {x: 0.24935344, y: -0.13561219, z: 0.25020137, w: 0.9256519}
  m_LocalPosition: {x: -0.0035669063, y: 0.0000000011920929, z: 5.9604643e-10}
  m_LocalScale: {x: 0.99999994, y: 1, z: 1}
  m_LocalEulerAnglesHint: {x: 0, y: 0, z: 0}
  m_Children:
  - {fileID: 400080}
  m_Father: {fileID: 400074}
  m_RootOrder: 0
--- !u!1002 &400059
EditorExtensionImpl:
  serializedVersion: 6
--- !u!4 &400060
Transform:
  m_ObjectHideFlags: 1
  m_PrefabParentObject: {fileID: 0}
  m_PrefabInternal: {fileID: 100100000}
  m_GameObject: {fileID: 100058}
  m_LocalRotation: {x: 0.3253726, y: -0.12641393, z: 0.35022223, w: 0.8691931}
  m_LocalPosition: {x: -0.003449875, y: -0.0000000035762786, z: -0.0000000011920929}
  m_LocalScale: {x: 0.9999999, y: 0.99999994, z: 1}
  m_LocalEulerAnglesHint: {x: 0, y: 0, z: 0}
  m_Children:
  - {fileID: 400066}
  m_Father: {fileID: 400056}
  m_RootOrder: 0
--- !u!1002 &400061
EditorExtensionImpl:
  serializedVersion: 6
--- !u!4 &400062
Transform:
  m_ObjectHideFlags: 1
  m_PrefabParentObject: {fileID: 0}
  m_PrefabInternal: {fileID: 100100000}
  m_GameObject: {fileID: 100060}
  m_LocalRotation: {x: 0.057115223, y: 0.4204987, z: 0.024926234, w: 0.9051505}
  m_LocalPosition: {x: -0.0067562982, y: 0.0000000011920929, z: 0}
  m_LocalScale: {x: 1, y: 1, z: 1}
  m_LocalEulerAnglesHint: {x: 0, y: 0, z: 0}
  m_Children: []
  m_Father: {fileID: 400052}
  m_RootOrder: 0
--- !u!1002 &400063
EditorExtensionImpl:
  serializedVersion: 6
--- !u!4 &400064
Transform:
  m_ObjectHideFlags: 1
  m_PrefabParentObject: {fileID: 0}
  m_PrefabInternal: {fileID: 100100000}
  m_GameObject: {fileID: 100062}
  m_LocalRotation: {x: 0, y: 0, z: -0.711303, w: 0.7028855}
  m_LocalPosition: {x: -0.000000005066395, y: 0, z: -0.016948853}
  m_LocalScale: {x: 0.99999994, y: 0.99999994, z: 1}
  m_LocalEulerAnglesHint: {x: 0, y: 0, z: 0}
  m_Children:
  - {fileID: 400102}
  - {fileID: 400082}
  - {fileID: 400076}
  - {fileID: 400054}
  - {fileID: 400104}
  - {fileID: 400042}
  - {fileID: 400022}
  - {fileID: 400028}
  - {fileID: 400008}
  - {fileID: 400048}
  - {fileID: 400122}
  m_Father: {fileID: 400020}
  m_RootOrder: 0
--- !u!1002 &400065
EditorExtensionImpl:
  serializedVersion: 6
--- !u!4 &400066
Transform:
  m_ObjectHideFlags: 1
  m_PrefabParentObject: {fileID: 0}
  m_PrefabInternal: {fileID: 100100000}
  m_GameObject: {fileID: 100064}
  m_LocalRotation: {x: -0.18897104, y: -0.22322361, z: 0.3186054, w: 0.9016384}
  m_LocalPosition: {x: -0.011332521, y: 0.0000000023841857, z: 0.000000001490116}
  m_LocalScale: {x: 0.9999999, y: 0.99999994, z: 1.0000001}
  m_LocalEulerAnglesHint: {x: 0, y: 0, z: 0}
  m_Children:
  - {fileID: 400070}
  m_Father: {fileID: 400060}
  m_RootOrder: 0
--- !u!1002 &400067
EditorExtensionImpl:
  serializedVersion: 6
--- !u!4 &400068
Transform:
  m_ObjectHideFlags: 1
  m_PrefabParentObject: {fileID: 0}
  m_PrefabInternal: {fileID: 100100000}
  m_GameObject: {fileID: 100066}
  m_LocalRotation: {x: -0.10700211, y: -0.4028585, z: -0.22157454, w: 0.88156694}
  m_LocalPosition: {x: -0.013836833, y: 0, z: 1.4901161e-10}
  m_LocalScale: {x: 1.0000002, y: 1.0000002, z: 1.0000001}
  m_LocalEulerAnglesHint: {x: 0, y: 0, z: 0}
  m_Children:
  - {fileID: 400046}
  m_Father: {fileID: 400076}
  m_RootOrder: 0
--- !u!1002 &400069
EditorExtensionImpl:
  serializedVersion: 6
--- !u!4 &400070
Transform:
  m_ObjectHideFlags: 1
  m_PrefabParentObject: {fileID: 0}
  m_PrefabInternal: {fileID: 100100000}
  m_GameObject: {fileID: 100068}
  m_LocalRotation: {x: -0.06671662, y: 0.3855192, z: -0.03493734, w: 0.9196213}
  m_LocalPosition: {x: -0.0058250534, y: -0.000000011920928, z: 0}
  m_LocalScale: {x: 1, y: 1.0000001, z: 0.99999994}
  m_LocalEulerAnglesHint: {x: 0, y: 0, z: 0}
  m_Children: []
  m_Father: {fileID: 400066}
  m_RootOrder: 0
--- !u!1002 &400071
EditorExtensionImpl:
  serializedVersion: 6
--- !u!4 &400072
Transform:
  m_ObjectHideFlags: 1
  m_PrefabParentObject: {fileID: 0}
  m_PrefabInternal: {fileID: 100100000}
  m_GameObject: {fileID: 100070}
  m_LocalRotation: {x: -0.23556024, y: -0.43890354, z: -0.66464883, w: 0.5568815}
  m_LocalPosition: {x: -0.0039154487, y: -0.0000000012665987, z: -2.9802322e-10}
  m_LocalScale: {x: 0.9999998, y: 1.0000001, z: 0.9999997}
  m_LocalEulerAnglesHint: {x: 0, y: 0, z: 0}
  m_Children:
  - {fileID: 400078}
  m_Father: {fileID: 400048}
  m_RootOrder: 0
--- !u!1002 &400073
EditorExtensionImpl:
  serializedVersion: 6
--- !u!4 &400074
Transform:
  m_ObjectHideFlags: 1
  m_PrefabParentObject: {fileID: 0}
  m_PrefabInternal: {fileID: 100100000}
  m_GameObject: {fileID: 100072}
  m_LocalRotation: {x: 0.038928375, y: -0.20144562, z: 0.10955766, w: 0.97257465}
  m_LocalPosition: {x: -0.013349925, y: 0.000000001490116, z: 4.4703483e-10}
  m_LocalScale: {x: 1, y: 0.99999994, z: 1.0000001}
  m_LocalEulerAnglesHint: {x: 0, y: 0, z: 0}
  m_Children:
  - {fileID: 400058}
  m_Father: {fileID: 400102}
  m_RootOrder: 0
--- !u!1002 &400075
EditorExtensionImpl:
  serializedVersion: 6
--- !u!4 &400076
Transform:
  m_ObjectHideFlags: 1
  m_PrefabParentObject: {fileID: 0}
  m_PrefabInternal: {fileID: 100100000}
  m_GameObject: {fileID: 100074}
  m_LocalRotation: {x: -0.34373257, y: 0.3089921, z: 0.71749914, w: 0.52112085}
  m_LocalPosition: {x: -0.0035390663, y: -0.0043027867, z: -0.0016629028}
  m_LocalScale: {x: 0.99999994, y: 1.0000001, z: 1.0000002}
  m_LocalEulerAnglesHint: {x: 0, y: 0, z: 0}
  m_Children:
  - {fileID: 400068}
  m_Father: {fileID: 400064}
  m_RootOrder: 2
--- !u!1002 &400077
EditorExtensionImpl:
  serializedVersion: 6
--- !u!4 &400078
Transform:
  m_ObjectHideFlags: 1
  m_PrefabParentObject: {fileID: 0}
  m_PrefabInternal: {fileID: 100100000}
  m_GameObject: {fileID: 100076}
  m_LocalRotation: {x: 0.19493712, y: 0.20064338, z: -0.0045875395, w: 0.9600629}
  m_LocalPosition: {x: -0.004538933, y: 0.000000002980232, z: 8.9406965e-10}
  m_LocalScale: {x: 0.9999999, y: 1.0000005, z: 0.99999976}
  m_LocalEulerAnglesHint: {x: 0, y: 0, z: 0}
  m_Children: []
  m_Father: {fileID: 400072}
  m_RootOrder: 0
--- !u!1002 &400079
EditorExtensionImpl:
  serializedVersion: 6
--- !u!4 &400080
Transform:
  m_ObjectHideFlags: 1
  m_PrefabParentObject: {fileID: 0}
  m_PrefabInternal: {fileID: 100100000}
  m_GameObject: {fileID: 100078}
  m_LocalRotation: {x: -0.033803858, y: -0.06139902, z: 0.24731141, w: 0.9663977}
  m_LocalPosition: {x: -0.010444334, y: 0.0000000023841857, z: -0.0000000011920929}
  m_LocalScale: {x: 1.0000001, y: 1.0000002, z: 1}
  m_LocalEulerAnglesHint: {x: 0, y: 0, z: 0}
  m_Children:
  - {fileID: 400084}
  m_Father: {fileID: 400058}
  m_RootOrder: 0
--- !u!1002 &400081
EditorExtensionImpl:
  serializedVersion: 6
--- !u!4 &400082
Transform:
  m_ObjectHideFlags: 1
  m_PrefabParentObject: {fileID: 0}
  m_PrefabInternal: {fileID: 100100000}
  m_GameObject: {fileID: 100080}
  m_LocalRotation: {x: -0.30428258, y: 0.30650923, z: 0.5933398, w: 0.6792733}
  m_LocalPosition: {x: -0.0021979203, y: -0.0041189054, z: -0.0016629028}
  m_LocalScale: {x: 0.99999994, y: 1.0000001, z: 1.0000001}
  m_LocalEulerAnglesHint: {x: 0, y: 0, z: 0}
  m_Children:
  - {fileID: 400056}
  m_Father: {fileID: 400064}
  m_RootOrder: 1
--- !u!1002 &400083
EditorExtensionImpl:
  serializedVersion: 6
--- !u!4 &400084
Transform:
  m_ObjectHideFlags: 1
  m_PrefabParentObject: {fileID: 0}
  m_PrefabInternal: {fileID: 100100000}
  m_GameObject: {fileID: 100082}
  m_LocalRotation: {x: -0.10904688, y: 0.32694155, z: -0.0329667, w: 0.9381531}
  m_LocalPosition: {x: -0.0054862974, y: -0.000000007152557, z: -5.9604643e-10}
  m_LocalScale: {x: 0.99999994, y: 1, z: 0.9999999}
  m_LocalEulerAnglesHint: {x: 0, y: 0, z: 0}
  m_Children: []
  m_Father: {fileID: 400080}
  m_RootOrder: 0
--- !u!1002 &400085
EditorExtensionImpl:
  serializedVersion: 6
--- !u!4 &400086
Transform:
  m_ObjectHideFlags: 1
  m_PrefabParentObject: {fileID: 0}
  m_PrefabInternal: {fileID: 100100000}
  m_GameObject: {fileID: 100084}
  m_LocalRotation: {x: 0.048325855, y: 0.24372807, z: 0.0056864107, w: 0.9686222}
  m_LocalPosition: {x: -0.0077732443, y: 0, z: 0.0000000011920929}
  m_LocalScale: {x: 1, y: 0.99999994, z: 1}
  m_LocalEulerAnglesHint: {x: 0, y: 0, z: 0}
  m_Children: []
  m_Father: {fileID: 400094}
  m_RootOrder: 0
--- !u!1002 &400087
EditorExtensionImpl:
  serializedVersion: 6
--- !u!4 &400088
Transform:
  m_ObjectHideFlags: 1
  m_PrefabParentObject: {fileID: 0}
  m_PrefabInternal: {fileID: 100100000}
  m_GameObject: {fileID: 100086}
  m_LocalRotation: {x: 0, y: -0, z: -0, w: 1}
  m_LocalPosition: {x: -0.024129113, y: -0.0033000004, z: -0.019543452}
  m_LocalScale: {x: 1, y: 1, z: 1}
  m_LocalEulerAnglesHint: {x: 0, y: 0, z: 0}
  m_Children: []
  m_Father: {fileID: 400020}
  m_RootOrder: 2
--- !u!1002 &400089
EditorExtensionImpl:
  serializedVersion: 6
--- !u!4 &400090
Transform:
  m_ObjectHideFlags: 1
  m_PrefabParentObject: {fileID: 0}
  m_PrefabInternal: {fileID: 100100000}
  m_GameObject: {fileID: 100088}
  m_LocalRotation: {x: 0, y: -0, z: -0, w: 1}
  m_LocalPosition: {x: 0.011662847, y: -0.0117, z: -0.01976898}
  m_LocalScale: {x: 1, y: 1, z: 1}
  m_LocalEulerAnglesHint: {x: 0, y: 0, z: 0}
  m_Children: []
  m_Father: {fileID: 400020}
  m_RootOrder: 5
--- !u!1002 &400091
EditorExtensionImpl:
  serializedVersion: 6
--- !u!4 &400092
Transform:
  m_ObjectHideFlags: 1
  m_PrefabParentObject: {fileID: 0}
  m_PrefabInternal: {fileID: 100100000}
  m_GameObject: {fileID: 100090}
  m_LocalRotation: {x: 0, y: -0, z: -0, w: 1}
  m_LocalPosition: {x: -0.01153685, y: -0.0251974, z: -0.019768978}
  m_LocalScale: {x: 1, y: 1, z: 1}
  m_LocalEulerAnglesHint: {x: 0, y: 0, z: 0}
  m_Children: []
  m_Father: {fileID: 400020}
  m_RootOrder: 1
--- !u!1002 &400093
EditorExtensionImpl:
  serializedVersion: 6
--- !u!4 &400094
Transform:
  m_ObjectHideFlags: 1
  m_PrefabParentObject: {fileID: 0}
  m_PrefabInternal: {fileID: 100100000}
  m_GameObject: {fileID: 100092}
  m_LocalRotation: {x: 0.29853818, y: -0.03130311, z: -0.13893189, w: 0.94371235}
  m_LocalPosition: {x: -0.013178065, y: -0.0000000023841857, z: 0.0000000017881393}
  m_LocalScale: {x: 0.9999999, y: 0.9999999, z: 1}
  m_LocalEulerAnglesHint: {x: 0, y: 0, z: 0}
  m_Children:
  - {fileID: 400086}
  m_Father: {fileID: 400098}
  m_RootOrder: 0
--- !u!1002 &400095
EditorExtensionImpl:
  serializedVersion: 6
--- !u!4 &400096
Transform:
  m_ObjectHideFlags: 1
  m_PrefabParentObject: {fileID: 0}
  m_PrefabInternal: {fileID: 100100000}
  m_GameObject: {fileID: 100094}
  m_LocalRotation: {x: -0.10865192, y: -0.25319347, z: -0.25638816, w: 0.9264734}
  m_LocalPosition: {x: -0.016532812, y: -2.7939676e-10, z: 0.0000000011920929}
  m_LocalScale: {x: 1, y: 1, z: 0.99999994}
  m_LocalEulerAnglesHint: {x: 0, y: 0, z: 0}
  m_Children:
  - {fileID: 400098}
  m_Father: {fileID: 400054}
  m_RootOrder: 0
--- !u!1002 &400097
EditorExtensionImpl:
  serializedVersion: 6
--- !u!4 &400098
Transform:
  m_ObjectHideFlags: 1
  m_PrefabParentObject: {fileID: 0}
  m_PrefabInternal: {fileID: 100100000}
  m_GameObject: {fileID: 100096}
  m_LocalRotation: {x: -0.26538992, y: -0.055446107, z: -0.28486225, w: 0.91942775}
  m_LocalPosition: {x: -0.0044337297, y: -0.0000000011920929, z: -0.0000000011920929}
  m_LocalScale: {x: 0.9999999, y: 1, z: 1}
  m_LocalEulerAnglesHint: {x: 0, y: 0, z: 0}
  m_Children:
  - {fileID: 400094}
  m_Father: {fileID: 400096}
  m_RootOrder: 0
--- !u!1002 &400099
EditorExtensionImpl:
  serializedVersion: 6
--- !u!4 &400100
Transform:
  m_ObjectHideFlags: 1
  m_PrefabParentObject: {fileID: 0}
  m_PrefabInternal: {fileID: 100100000}
  m_GameObject: {fileID: 100098}
  m_LocalRotation: {x: -0.19493712, y: 0.20064336, z: 0.0045874403, w: 0.9600629}
  m_LocalPosition: {x: -0.004538934, y: -5.9604643e-10, z: -0.0000000016391277}
  m_LocalScale: {x: 1, y: 1, z: 1}
  m_LocalEulerAnglesHint: {x: 0, y: 0, z: 0}
  m_Children: []
  m_Father: {fileID: 400106}
  m_RootOrder: 0
--- !u!1002 &400101
EditorExtensionImpl:
  serializedVersion: 6
--- !u!4 &400102
Transform:
  m_ObjectHideFlags: 1
  m_PrefabParentObject: {fileID: 0}
  m_PrefabInternal: {fileID: 100100000}
  m_GameObject: {fileID: 100100}
  m_LocalRotation: {x: -0.22721064, y: 0.124949, z: 0.92042094, w: 0.29255503}
  m_LocalPosition: {x: -0.0008428053, y: -0.0035614637, z: -0.0016629028}
  m_LocalScale: {x: 1, y: 1.0000004, z: 1.0000001}
  m_LocalEulerAnglesHint: {x: 0, y: 0, z: 0}
  m_Children:
  - {fileID: 400074}
  m_Father: {fileID: 400064}
  m_RootOrder: 0
--- !u!1002 &400103
EditorExtensionImpl:
  serializedVersion: 6
--- !u!4 &400104
Transform:
  m_ObjectHideFlags: 1
  m_PrefabParentObject: {fileID: 0}
  m_PrefabInternal: {fileID: 100100000}
  m_GameObject: {fileID: 100102}
  m_LocalRotation: {x: -0.29156014, y: 0.09154302, z: 0.87790334, w: 0.36864397}
  m_LocalPosition: {x: 0.00052795355, y: -0.00113782, z: -0.00051574706}
  m_LocalScale: {x: 0.99999994, y: 1.0000004, z: 1.0000002}
  m_LocalEulerAnglesHint: {x: 0, y: 0, z: 0}
  m_Children:
  - {fileID: 400106}
  m_Father: {fileID: 400064}
  m_RootOrder: 4
--- !u!1002 &400105
EditorExtensionImpl:
  serializedVersion: 6
--- !u!4 &400106
Transform:
  m_ObjectHideFlags: 1
  m_PrefabParentObject: {fileID: 0}
  m_PrefabInternal: {fileID: 100100000}
  m_GameObject: {fileID: 100104}
  m_LocalRotation: {x: 0.23556015, y: -0.43890387, z: 0.66464865, w: 0.5568816}
  m_LocalPosition: {x: -0.003915448, y: 0.0000000014714896, z: -5.9604643e-10}
  m_LocalScale: {x: 0.9999999, y: 0.9999998, z: 1}
  m_LocalEulerAnglesHint: {x: 0, y: 0, z: 0}
  m_Children:
  - {fileID: 400100}
  m_Father: {fileID: 400104}
  m_RootOrder: 0
--- !u!1002 &400107
EditorExtensionImpl:
  serializedVersion: 6
--- !u!4 &400108
Transform:
  m_ObjectHideFlags: 1
  m_PrefabParentObject: {fileID: 0}
  m_PrefabInternal: {fileID: 100100000}
  m_GameObject: {fileID: 100124}
  m_LocalRotation: {x: -0.7071068, y: 0, z: -0, w: 0.7071068}
  m_LocalPosition: {x: 0, y: 0.009906808, z: 0}
  m_LocalScale: {x: 1, y: 1, z: 1}
  m_LocalEulerAnglesHint: {x: 0, y: 0, z: 0}
  m_Children: []
  m_Father: {fileID: 400002}
  m_RootOrder: 1
--- !u!1002 &400109
EditorExtensionImpl:
  serializedVersion: 6
--- !u!4 &400110
Transform:
  m_ObjectHideFlags: 1
  m_PrefabParentObject: {fileID: 0}
  m_PrefabInternal: {fileID: 100100000}
  m_GameObject: {fileID: 100106}
  m_LocalRotation: {x: 0.0059081432, y: 0.19468984, z: 0.0021028894, w: 0.98084486}
  m_LocalPosition: {x: -0.008652045, y: -9.313225e-11, z: 0}
  m_LocalScale: {x: 1.0000001, y: 0.99999994, z: 1.0000001}
  m_LocalEulerAnglesHint: {x: 0, y: 0, z: 0}
  m_Children: []
  m_Father: {fileID: 400120}
  m_RootOrder: 0
--- !u!1002 &400111
EditorExtensionImpl:
  serializedVersion: 6
--- !u!4 &400112
Transform:
  m_ObjectHideFlags: 1
  m_PrefabParentObject: {fileID: 0}
  m_PrefabInternal: {fileID: 100100000}
  m_GameObject: {fileID: 100108}
  m_LocalRotation: {x: 0, y: -0, z: -0, w: 1}
  m_LocalPosition: {x: 0.024255099, y: -0.016801858, z: -0.019543456}
  m_LocalScale: {x: 1, y: 1, z: 1}
  m_LocalEulerAnglesHint: {x: 0, y: 0, z: 0}
  m_Children: []
  m_Father: {fileID: 400020}
  m_RootOrder: 6
--- !u!1002 &400113
EditorExtensionImpl:
  serializedVersion: 6
--- !u!4 &400114
Transform:
  m_ObjectHideFlags: 1
  m_PrefabParentObject: {fileID: 0}
  m_PrefabInternal: {fileID: 100100000}
  m_GameObject: {fileID: 100110}
  m_LocalRotation: {x: 0, y: -0, z: -0, w: 1}
  m_LocalPosition: {x: 0.023791766, y: 0.02036, z: -0.01965271}
  m_LocalScale: {x: 1, y: 1, z: 1}
  m_LocalEulerAnglesHint: {x: 0, y: 0, z: 0}
  m_Children: []
  m_Father: {fileID: 400020}
  m_RootOrder: 7
--- !u!1002 &400115
EditorExtensionImpl:
  serializedVersion: 6
--- !u!4 &400116
Transform:
  m_ObjectHideFlags: 1
  m_PrefabParentObject: {fileID: 0}
  m_PrefabInternal: {fileID: 100100000}
  m_GameObject: {fileID: 100112}
  m_LocalRotation: {x: 0, y: -0, z: -0, w: 1}
  m_LocalPosition: {x: 0.011756217, y: 0.02376198, z: -0.020020556}
  m_LocalScale: {x: 1, y: 1, z: 1}
  m_LocalEulerAnglesHint: {x: 0, y: 0, z: 0}
  m_Children: []
  m_Father: {fileID: 400020}
  m_RootOrder: 8
--- !u!1002 &400117
EditorExtensionImpl:
  serializedVersion: 6
--- !u!4 &400118
Transform:
  m_ObjectHideFlags: 1
  m_PrefabParentObject: {fileID: 0}
  m_PrefabInternal: {fileID: 100100000}
  m_GameObject: {fileID: 100114}
  m_LocalRotation: {x: 0, y: -0, z: -0, w: 1}
  m_LocalPosition: {x: -0.011704149, y: 0.03726, z: -0.020019908}
  m_LocalScale: {x: 1, y: 1, z: 1}
  m_LocalEulerAnglesHint: {x: 0, y: 0, z: 0}
  m_Children: []
  m_Father: {fileID: 400020}
  m_RootOrder: 4
--- !u!1002 &400119
EditorExtensionImpl:
  serializedVersion: 6
--- !u!4 &400120
Transform:
  m_ObjectHideFlags: 1
  m_PrefabParentObject: {fileID: 0}
  m_PrefabInternal: {fileID: 100100000}
  m_GameObject: {fileID: 100116}
  m_LocalRotation: {x: -0.0006351113, y: -0.003730646, z: 0.004097618, w: 0.99998444}
  m_LocalPosition: {x: -0.0076000746, y: 9.3132255e-12, z: -8.9406965e-10}
  m_LocalScale: {x: 1.0000005, y: 1.0000004, z: 1}
  m_LocalEulerAnglesHint: {x: 0, y: 0, z: 0}
  m_Children:
  - {fileID: 400110}
  m_Father: {fileID: 400124}
  m_RootOrder: 0
--- !u!1002 &400121
EditorExtensionImpl:
  serializedVersion: 6
--- !u!4 &400122
Transform:
  m_ObjectHideFlags: 1
  m_PrefabParentObject: {fileID: 0}
  m_PrefabInternal: {fileID: 100100000}
  m_GameObject: {fileID: 100118}
  m_LocalRotation: {x: -0.0039934726, y: 0.2519054, z: 0.015339774, w: 0.96762204}
  m_LocalPosition: {x: -0.005130157, y: -5.0147265e-12, z: 0}
  m_LocalScale: {x: 1.0000002, y: 1.0000004, z: 1}
  m_LocalEulerAnglesHint: {x: 0, y: 0, z: 0}
  m_Children:
  - {fileID: 400124}
  m_Father: {fileID: 400064}
  m_RootOrder: 10
--- !u!1002 &400123
EditorExtensionImpl:
  serializedVersion: 6
--- !u!4 &400124
Transform:
  m_ObjectHideFlags: 1
  m_PrefabParentObject: {fileID: 0}
  m_PrefabInternal: {fileID: 100100000}
  m_GameObject: {fileID: 100120}
  m_LocalRotation: {x: -0.0005405668, y: -0.094287984, z: -0.0057075084, w: 0.99552846}
  m_LocalPosition: {x: -0.006616188, y: -0.0000000017136335, z: 5.9604643e-10}
  m_LocalScale: {x: 0.9999996, y: 0.9999996, z: 1}
  m_LocalEulerAnglesHint: {x: 0, y: 0, z: 0}
  m_Children:
  - {fileID: 400120}
  m_Father: {fileID: 400122}
  m_RootOrder: 0
--- !u!1002 &400125
EditorExtensionImpl:
  serializedVersion: 6
--- !u!65 &6500002
BoxCollider:
  m_ObjectHideFlags: 1
  m_PrefabParentObject: {fileID: 0}
  m_PrefabInternal: {fileID: 100100000}
  m_GameObject: {fileID: 100002}
  m_Material: {fileID: 0}
  m_IsTrigger: 1
  m_Enabled: 1
  serializedVersion: 2
  m_Size: {x: 1, y: 1, z: 1}
  m_Center: {x: 0, y: 0, z: 0}
--- !u!82 &8200000
AudioSource:
  m_ObjectHideFlags: 1
  m_PrefabParentObject: {fileID: 0}
  m_PrefabInternal: {fileID: 100100000}
  m_GameObject: {fileID: 100002}
  m_Enabled: 1
  serializedVersion: 4
  OutputAudioMixerGroup: {fileID: 0}
  m_audioClip: {fileID: 0}
  m_PlayOnAwake: 1
  m_Volume: 1
  m_Pitch: 1
  Loop: 0
  Mute: 0
  Spatialize: 0
  Priority: 128
  DopplerLevel: 1
  MinDistance: 1
  MaxDistance: 500
  Pan2D: 0
  rolloffMode: 0
  BypassEffects: 0
  BypassListenerEffects: 0
  BypassReverbZones: 0
  rolloffCustomCurve:
    serializedVersion: 2
    m_Curve:
    - time: 0
      value: 1
      inSlope: 0
      outSlope: 0
      tangentMode: 0
    - time: 1
      value: 0
      inSlope: 0
      outSlope: 0
      tangentMode: 0
    m_PreInfinity: 2
    m_PostInfinity: 2
    m_RotationOrder: 4
  panLevelCustomCurve:
    serializedVersion: 2
    m_Curve:
    - time: 0
      value: 1
      inSlope: 0
      outSlope: 0
      tangentMode: 0
    m_PreInfinity: 2
    m_PostInfinity: 2
    m_RotationOrder: 4
  spreadCustomCurve:
    serializedVersion: 2
    m_Curve:
    - time: 0
      value: 0
      inSlope: 0
      outSlope: 0
      tangentMode: 0
    m_PreInfinity: 2
    m_PostInfinity: 2
    m_RotationOrder: 4
  reverbZoneMixCustomCurve:
    serializedVersion: 2
    m_Curve:
    - time: 0
      value: 1
      inSlope: 0
      outSlope: 0
      tangentMode: 0
    m_PreInfinity: 2
    m_PostInfinity: 2
    m_RotationOrder: 4
--- !u!1002 &8200001
EditorExtensionImpl:
  serializedVersion: 6
--- !u!111 &11100000
Animation:
  m_ObjectHideFlags: 1
  m_PrefabParentObject: {fileID: 0}
  m_PrefabInternal: {fileID: 100100000}
  m_GameObject: {fileID: 100002}
  m_Enabled: 1
  serializedVersion: 3
  m_Animation: {fileID: 7400002, guid: 559adbc730bfeba428105d7348f82626, type: 3}
  m_Animations:
  - {fileID: 7400002, guid: 559adbc730bfeba428105d7348f82626, type: 3}
  - {fileID: 7400004, guid: 559adbc730bfeba428105d7348f82626, type: 3}
  - {fileID: 7400010, guid: 559adbc730bfeba428105d7348f82626, type: 3}
  - {fileID: 7400012, guid: 559adbc730bfeba428105d7348f82626, type: 3}
  - {fileID: 7400014, guid: 559adbc730bfeba428105d7348f82626, type: 3}
  - {fileID: 7400016, guid: 559adbc730bfeba428105d7348f82626, type: 3}
  - {fileID: 7400030, guid: 559adbc730bfeba428105d7348f82626, type: 3}
  - {fileID: 7400020, guid: 559adbc730bfeba428105d7348f82626, type: 3}
  - {fileID: 7400022, guid: 559adbc730bfeba428105d7348f82626, type: 3}
  - {fileID: 7400024, guid: 559adbc730bfeba428105d7348f82626, type: 3}
  - {fileID: 7400006, guid: 559adbc730bfeba428105d7348f82626, type: 3}
  - {fileID: 7400028, guid: 559adbc730bfeba428105d7348f82626, type: 3}
  - {fileID: 7400032, guid: 559adbc730bfeba428105d7348f82626, type: 3}
  m_WrapMode: 0
  m_PlayAutomatically: 1
  m_AnimatePhysics: 0
  m_CullingType: 1
--- !u!1002 &11100001
EditorExtensionImpl:
  serializedVersion: 6
--- !u!1002 &11400001
EditorExtensionImpl:
  serializedVersion: 6
--- !u!114 &11400002
MonoBehaviour:
  m_ObjectHideFlags: 1
  m_PrefabParentObject: {fileID: 0}
  m_PrefabInternal: {fileID: 100100000}
  m_GameObject: {fileID: 100002}
  m_Enabled: 1
  m_EditorHideFlags: 0
  m_Script: {fileID: 11500000, guid: f447c25728e7c4d8489d92bd2264c6e4, type: 3}
  m_Name: 
  m_EditorClassIdentifier: 
  moveSpeed: 0
  attackDistance: 0
  damage: 0
  attackSound: {fileID: 0}
  moveSound: {fileID: 0}
  attackSoundInterval: 0
  moveSoundInterval: 0
--- !u!1002 &11400003
EditorExtensionImpl:
  serializedVersion: 6
--- !u!114 &11400004
MonoBehaviour:
  m_ObjectHideFlags: 1
  m_PrefabParentObject: {fileID: 0}
  m_PrefabInternal: {fileID: 100100000}
  m_GameObject: {fileID: 100002}
  m_Enabled: 1
  m_EditorHideFlags: 0
  m_Script: {fileID: 11500000, guid: 25b5d0cce9fdd4f37867bbb5aeb5c485, type: 3}
  m_Name: 
  m_EditorClassIdentifier: 
  spotLight: {fileID: 0}
  touchedWasBegan: 0
--- !u!1002 &11400005
EditorExtensionImpl:
  serializedVersion: 6
--- !u!1002 &11400007
EditorExtensionImpl:
  serializedVersion: 6
--- !u!1002 &11400009
EditorExtensionImpl:
  serializedVersion: 6
--- !u!1002 &13600001
EditorExtensionImpl:
  serializedVersion: 6
--- !u!137 &13700000
SkinnedMeshRenderer:
  m_ObjectHideFlags: 1
  m_PrefabParentObject: {fileID: 0}
  m_PrefabInternal: {fileID: 100100000}
  m_GameObject: {fileID: 100124}
  m_Enabled: 1
  m_CastShadows: 1
  m_ReceiveShadows: 1
  m_Materials:
  - {fileID: 2100000, guid: 0d24b6489cd45bd409ea08373678397a, type: 2}
  m_SubsetIndices: 
  m_StaticBatchRoot: {fileID: 0}
  m_UseLightProbes: 0
  m_ReflectionProbeUsage: 1
  m_ProbeAnchor: {fileID: 0}
  m_ScaleInLightmap: 1
  m_PreserveUVs: 0
  m_IgnoreNormalsForChartDetection: 0
  m_ImportantGI: 0
  m_MinimumChartSize: 4
  m_AutoUVMaxDistance: 0.5
  m_AutoUVMaxAngle: 89
  m_LightmapParameters: {fileID: 0}
  m_SortingLayerID: 0
  m_SortingOrder: 0
  serializedVersion: 2
  m_Quality: 0
  m_UpdateWhenOffscreen: 0
  m_Mesh: {fileID: 4300000, guid: 559adbc730bfeba428105d7348f82626, type: 3}
  m_Bones:
  - {fileID: 400122}
  - {fileID: 400124}
  - {fileID: 400076}
  - {fileID: 400120}
  - {fileID: 400096}
  - {fileID: 400064}
  - {fileID: 400104}
  - {fileID: 400082}
  - {fileID: 400102}
  - {fileID: 400074}
  - {fileID: 400058}
  - {fileID: 400080}
  - {fileID: 400056}
  - {fileID: 400060}
  - {fileID: 400066}
  - {fileID: 400068}
  - {fileID: 400046}
  - {fileID: 400052}
  - {fileID: 400054}
  - {fileID: 400098}
  - {fileID: 400094}
  - {fileID: 400048}
  - {fileID: 400106}
  - {fileID: 400028}
  - {fileID: 400018}
  - {fileID: 400034}
  - {fileID: 400022}
  - {fileID: 400042}
  - {fileID: 400038}
  - {fileID: 400012}
  - {fileID: 400026}
  - {fileID: 400040}
  - {fileID: 400004}
  - {fileID: 400030}
  - {fileID: 400016}
  - {fileID: 400014}
  - {fileID: 400006}
  - {fileID: 400008}
  - {fileID: 400044}
  - {fileID: 400072}
  m_BlendShapeWeights: []
  m_RootBone: {fileID: 400064}
  m_AABB:
    m_Center: {x: -0.007836902, y: 0.00023242552, z: -0.008079562}
    m_Extent: {x: 0.034558445, y: 0.027676597, z: 0.028412852}
  m_DirtyAABB: 0
--- !u!1002 &13700001
EditorExtensionImpl:
  serializedVersion: 6
--- !u!143 &14300000
CharacterController:
  m_ObjectHideFlags: 1
  m_PrefabParentObject: {fileID: 0}
  m_PrefabInternal: {fileID: 100100000}
  m_GameObject: {fileID: 100002}
  m_Material: {fileID: 0}
  m_IsTrigger: 0
  m_Enabled: 1
  serializedVersion: 2
  m_Height: 2
  m_Radius: 0.5
  m_SlopeLimit: 45
  m_StepOffset: 0.3
  m_SkinWidth: 0.08
  m_MinMoveDistance: 0
  m_Center: {x: 0, y: 0, z: 0}
--- !u!1002 &14300001
EditorExtensionImpl:
  serializedVersion: 6
--- !u!1001 &100100000
Prefab:
  m_ObjectHideFlags: 1
  serializedVersion: 2
  m_Modification:
    m_TransformParent: {fileID: 0}
    m_Modifications: []
    m_RemovedComponents: []
  m_ParentPrefab: {fileID: 0}
  m_RootGameObject: {fileID: 100002}
  m_IsPrefabParent: 1
--- !u!1002 &100100001
EditorExtensionImpl:
  serializedVersion: 6
